5306 6686
1431 647 1701 696 -XVl-

843 929 921 994 tiam
953 927 1039 994 omni
1068 928 1162 994 modo
1191 927 1316 994 colendi
1350 933 1382 994 et
1410 926 1576 993 reuerendi
1603 926 1734 1012 capituli
1762 927 1916 1012 temptaui
1945 947 2045 1011 eaque
2074 927 2151 994 folia
2180 927 2284 994 denuo

843 1048 972 1127 contuli,
998 1069 1080 1130 quae
1102 1049 1186 1114 lectu
1209 1048 1352 1114 faciliora
1375 1067 1446 1113 esse
1465 1046 1661 1132 uiderentur.

929 1169 994 1234 Sed
1022 1189 1093 1233 cum
1121 1188 1229 1234 meuse
1258 1168 1349 1233 Iunio
1378 1168 1454 1232 anui
1486 1170 1567 1232 1866
1596 1167 1791 1233 intellectum
1819 1174 1903 1234 esset
1930 1169 2109 1234 coalescere
2132 1169 2283 1234 Italomm

842 1288 1004 1355 hominurn
1034 1289 1267 1354 multitudinem
1298 1288 1331 1352 16
1359 1288 1469 1372 populi
1498 1288 1592 1354 unius
1621 1307 1733 1372 corpus
1763 1289 1852 1354 nulla
1880 1309 1915 1354 re
1944 1295 2165 1372 praeterquam
2187 1289 2284 1354 armis

841 1429 936 1494 posse
960 1416 991 1473 et
1013 1428 1154 1474 rumores
1177 1409 1216 1474 de
1238 1409 1322 1474 bello
1344 1409 1486 1492 proxime
1508 1409 1647 1474 instante
1669 1407 1813 1474 Veronae
1836 1417 1928 1475 tenus
1950 1407 2141 1488 coluissent,
2166 1407 2285 1492 iniqui-

842 1537 907 1595 tate
930 1537 1106 1613 temporum
1128 1536 1241 1612 motus,
1267 1529 1343 1612 quia
1366 1535 1551 1594 ornamenta
1572 1528 1660 1612 pacis
1683 1548 1839 1595 unacum
1862 1529 2014 1595 subsidiis
2037 1528 2113 1595 belli
2132 1529 2188 1594 uix
2209 1535 2283 1612 apte

840 1651 947 1735 parari
969 1669 1064 1734 posse
1086 1649 1294 1726 uidebantur,
1320 1649 1426 1714 studia
1452 1649 1647 1732 aliquamdiu
1676 1649 1842 1730 intermisi,
1872 1649 2054 1715 intermissa
2075 1657 2147 1734 post
2168 1669 2283 1714 nouem

842 1772 998 1837 mensium
1020 1770 1223 1837 interuallum
1240 1769 1406 1853 resumpsi.
1439 1771 1501 1834 Per
1516 1769 1576 1835 hoc
1591 1774 1727 1854 tempus,
1747 1790 1819 1835 curn
1835 1769 1867 1835 in
1883 1769 1951 1835 iure
1968 1767 2053 1835 ciuili
2070 1770 2125 1834 uix
2141 1769 2285 1836 6611616-

840 1899 979 1956 structus
995 1910 1098 1958 essem
1112 1911 1216 1972 neque
1232 1897 1267 1954 ut
1281 1889 1340 1955 tiro
1362 1890 1395 1955 16
1411 1889 1703 1956 iurisconsultorum
1719 1889 1966 1958 familiaritatem
1982 1891 2099 1956 intrare
2119 1888 2280 1970 auderem,

841 2013 946 2078 sontes
974 2011 1051 2076 iuris
1074 2011 1226 2090 Romani,
1259 2030 1337 2092 quos
1368 2017 1464 2076 autea
1492 2011 1673 2076 summatim
1702 2010 1866 2093 obiterque
1889 2012 2033 2094 cognitos
2054 2027 2284 2097 percursosque

844 2130 1010 2212 habebam,
1037 2139 1069 2197 61
1091 2131 1254 2196 doctorum
1275 2131 1358 2196 inter
1381 2150 1416 2196 66
1435 2130 1652 2196 dissensiones
1675 2150 1714 2195 ac
1728 2130 1863 2196 discidia
1877 2133 2055 2198 accuratius
2070 2130 2280 2216 perlustraui3

843 2271 918 2317 nam
940 2252 1010 2318 sine
1032 2251 1144 2317 notitia
1158 2271 1261 2316 rerum
1285 2271 1344 2316 nec
1365 2250 1509 2334 intellegi
1525 2250 1698 2334 quidquam
1721 2271 1779 2316 uec
1800 2251 1937 2318 inueniri
1960 2253 1992 2316 in
2015 2250 2066 2318 his
2081 2253 2176 2318 rebus
2191 2269 2285 2335 posse

840 2371 961 2438 dudum
991 2390 1227 2456 perspexeram.
1274 2372 1355 2436 Tum
1377 2390 1454 2436 uere
1475 2371 1617 2456 proximo
1640 2371 1797 2438 Veronam
1825 2390 1972 2438 reuersus
1995 2391 2065 2437 eam
2091 2379 2213 2456 partem
2236 2370 2286 2434 la-

842 2493 945 2569 boris,
976 2511 1070 2575 quam
1094 2491 1272 2557 incohatam
1295 2491 1500 2573 reliqueram,
1525 2492 1686 2558 mensibus
1707 2493 1841 2558 aestiuis
1862 2511 2016 2558 annorum
2043 2495 2123 2557 1867
2146 2500 2179 2558 61
2204 2493 2284 2556 1868

841 2613 1019 2679 absolui—
1030 2633 1103 2678 nam
1119 2631 1177 2697 per
1191 2613 1320 2678 brumae
1336 2618 1461 2696 tempus
1474 2619 1603 2696 propter
1618 2613 1697 2679 caeli
1714 2612 1881 2696 caliginem
1898 2613 2036 2678 laborem
2052 2612 2172 2676 inuitus
2187 2611 2286 2676 inter-

843 2734 926 2800 misi.
983 2733 1221 2817 Peropportune
1260 2739 1367 2798 autem
1405 2731 1482 2796 mihi
1519 2732 1649 2814 cecidit,
1691 2733 1775 2816 quod
1811 2754 1895 2800 anno
1934 2735 2013 2799 1861
2048 2733 2285 2798 Theodorus

841 2855 1073 2931 Mommsen,
1107 2873 1191 2918 anno
1224 2854 1305 2917 1868
1335 2853 1487 2917 Ρ66166
1515 2852 1700 2936 Krueger
1727 2873 1785 2938 per
1810 2855 1985 2939 complures
2007 2861 2138 2936 uterque
2160 2869 2285 2918 menses

845 2975 985 3041 Veronae
1010 2975 1043 3038 in
1066 2973 1178 3039 eadem
1201 2971 1391 3038 bibliotheca
1418 2972 1584 3057 capitulari
1611 2974 1753 3056 cognatis
1781 2974 1894 3040 studiis
1923 2993 2051 3060 operam
2073 2973 2227 3039 dederuut
2255 2979 2286 3037 61

840 3103 969 3182 propter
997 3114 1049 3159 me
1078 3093 1259 3159 adsidentes
1287 3092 1462 3159 consulenti
1489 3093 1590 3159 amico
1619 3115 1682 3176 qua
1711 3100 1785 3159 sunt
1807 3093 1968 3160 doctrinae
1996 3093 2087 3179 copia
2114 3112 2283 3175 numquam

837 3237 901 3282 non
923 3220 1050 3300 praesto
1073 3213 1208 3279 iuemnt.
1253 3213 1294 3278 Hi
1316 3213 1377 3278 uiri
1400 3213 1638 3280 familiarissimi
1661 3233 1865 3297 summaeque
1887 3213 2128 3281 necessitudinis
2150 3233 2188 3278 ac
2210 3210 2283 3276 fidei

840 3337 975 3402 uinculis
1004 3355 1126 3400 mecum
1156 3333 1312 3400 coniuncti
1351 3353 1499 3416 maguum
1528 3333 1742 3400 adiumentum
1777 3333 1963 3401 adferebant
1992 3334 2033 3399 66
2068 3353 2169 3398 meam
2206 3331 2283 3396 iuris

837 3574 977 3641 iactandi
992 3575 1184 3641 moderatrix
1205 3581 1290 3652 erat;
1314 3574 1425 3640 horum
1447 3573 1666 3640 adhortatione
1681 3575 1898 3658 celeribusque
1919 3575 2117 3658 ingeniorum
2133 3573 2279 3649 motibus,

840 3696 953 3780 quibus
975 3697 1071 3761 telum
1100 3695 1177 3760 mihi
1200 3695 1497 3760 subministrabatur
1519 3715 1580 3778 quo
1607 3703 1748 3761 armatus
1770 3694 1874 3762 denuo
1896 3694 2087 3786 atdgrcderer
2113 3695 2199 3760 locos
2226 3692 2282 3757 de·
2408 3703 2413 3713 ’

840 3824 994 3902 speratos,
1020 3817 1208 3901 permultum
1230 3834 1281 3880 me
1302 3814 1416 3880 debere
1437 3815 1570 3880 libenter
1591 3821 1743 3899 gratoque
1764 3816 1870 3880 animo
1892 3815 2047 3900 proliteor.

926 3937 1039 4020 Neque
1069 3936 1149 4001 illud
1176 3935 1330 4001 hocloco
1359 3934 1683 4020 praetermittendum,
1715 3936 1799 4018 qnod
1826 3935 1960 4016 pertinet
1989 3934 2031 4000 ad
2059 3933 2281 4000 liberalitatem

840 4057 986 4124 1116116611
1009 4063 1126 4140 quanta
1148 4056 1242 4121 166611
1263 4054 1528 4138 intellegendum:
1561 4055 1615 4138 qui
1644 4075 1715 4120 curn
1739 4055 1844 4122 omnia
1866 4055 2047 4140 permittere
2068 4055 2176 4132 uellet,
2201 4073 2282 4138 6666

839 4176 983 4243 utilitatis
1012 4175 1133 4260 aliquid
1160 4175 1277 4242 habere
1305 4195 1398 4260 posse
1420 4175 1601 4242 uiderentur
1629 4175 1672 4241 ad
1701 4175 1934 4261 peregrinomm
1958 4175 2063 4241 studia
2084 4174 2280 4253 adiuuanda,

837 4303 870 4363 61
891 4295 1055 4362 dissuendi
1077 4295 1195 4362 codicis
1217 4303 1248 4362 et
1273 4296 1364 4361 nouis
1387 4295 1535 4362 remediis
1558 4294 1707 4362 chemicis
1728 4296 1904 4380 temptandi
1926 4315 2116 4378 quamquam
2138 4316 2201 4361 non
2224 4296 2284 4360 1611

839 4435 949 4483 suasor
976 4417 1167 4501 approbator
1194 4422 1278 4481 certe
1308 4414 1367 4480 1611
1395 4435 1497 4499 66666
1525 4416 1697 4500 quidquam
1727 4437 1848 4482 mecum
1876 4417 1916 4482 de
1944 4415 2069 4480 damnis
2095 4415 2282 4481 aBluhmio

837 4538 934 4603 illatis
962 4536 1187 4621 expostulauit.
1240 4536 1333 4601 Nunc
1359 4536 1456 4619 igitur
1484 4528 1706 4620 quaterniones
1736 4536 1929 4602 commodius
1959 4535 2052 4601 soluti
2087 4541 2118 4600 et
2144 4536 2281 4619 separati

839 4665 870 4723 et
892 4679 912 4722 a
934 4657 997 4723 6116
1019 4657 1170 4723 616616611
1197 4657 1301 4722 iacent
1328 4657 1427 4722 cistae
1448 4655 1561 4722 inclusi
1591 4665 1622 4723 et
1644 4657 1753 4723 charta
1774 4658 1852 4722 satis
1879 4655 1987 4722 uestiti
2015 4657 2197 4739 saeptique;
2228 4654 2281 4738 qui

837 4797 909 4844 oum
932 4777 1005 4843 clim
1034 4776 1128 4842 nimis
1155 4783 1223 4842 arte
1245 4776 1318 4841 nexi
1341 4783 1372 4842 et
1393 4777 1600 4860 conglutinati
1627 4797 1689 4842 666
1711 4777 1872 4842 uolumine
1893 4775 2137 4856 continerentur,
2162 4795 2282 4841 cauen-

838 4897 913 4964 dum
940 4898 1016 4977 1611,
1049 4917 1089 4962 66
1117 4915 1251 4982 rugosae
1284 4905 1316 4962 et
1347 4897 1553 4962 tenuissimae
1585 4898 1788 4963 membranae
1816 4897 1848 4961 ui
1878 4897 2022 4962 intensae
2051 4896 2278 4962 scinderentur.
2404 4892 2409 4905 '

838 5020 876 5084 In
898 5018 1045 5084 remediis
1071 5025 1176 5084 autem
1206 5015 1354 5082 chemicis
1383 5016 1572 5083 adhibendis
1595 5023 1626 5082 et
1648 5036 1762 5102 parcus
1783 5016 1828 5081 161
1852 5022 1884 5081 61
1906 5023 2031 5096 cautus,
2065 5035 2166 5098 neque
2188 5015 2281 5099 quid-

838 5160 932 5223 quam
954 5139 1084 5222 grauius
1107 5158 1127 5204 a
1148 5157 1199 5202 me
1221 5137 1422 5202 commissum
1445 5156 1515 5202 esse
1538 5138 1682 5202 conscius
1712 5136 1787 5202 mihi
1812 5155 1899 5212 sum;
1932 5137 2028 5202 immo
2054 5143 2186 5201 eatenus
2208 5156 2281 5219 pro-

837 5279 965 5344 gressus
989 5278 1077 5336 sum,
1108 5257 1214 5340 quoad
1241 5257 1389 5344 progredi
1418 5256 1494 5322 mihi
1524 5257 1619 5322 licere
1646 5257 1825 5322 arbitrarer.
1872 5256 1956 5320 Nam
1979 5275 2049 5320 cum
2073 5256 2280 5322 remediomnr

837 5380 909 5446 aliis
939 5379 1103 5445 extenuari
1132 5378 1204 5444 allis
1233 5377 1337 5443 inflari
1360 5378 1432 5443 aliis
1459 5377 1614 5442 uariatum
1644 5376 1794 5460 distingui
1831 5376 2017 5459 scripturam
2046 5375 2179 5458 ideoque
2207 5376 2280 5440 aliis
