5306 6686
367 930 521 995 »soleantr
553 928 632 994 illud
661 928 752 994 nobis
782 935 855 994 ante
884 929 991 994 omnia
1019 929 1191 995 curandum
1223 937 1310 1008 erat,
1342 935 1376 994 ut
1406 928 1523 994 diutins
1551 927 1584 992 in
1613 924 1810 991 Bibliotheca

367 1049 595 1116 >commorandi
630 1048 811 1114 facultatem
849 1050 1114 1116 nancisceremnr.
1167 1051 1338 1116 Praeterea
1367 1069 1437 1114 eam
1466 1067 1537 1113 esse
1568 1046 1686 1112 codicis
1715 1045 1806 1110 XIII.

367 1169 595 1236 roondIcionem
619 1169 726 1234 statim
748 1169 1015 1253 intelligebamus,
1045 1169 1134 1236 utin
1157 1191 1194 1236 eo
1217 1166 1423 1247 enucleando,
1450 1167 1511 1233 nisi
1534 1153 1684 1233 chemicis
1706 1183 1810 1231 reme-

367 1289 444 1356 sdiis
466 1289 629 1368 adhibitis,
654 1288 770 1355 frustra
793 1310 922 1374 operam
944 1291 1158 1375 consumpturi
1181 1309 1334 1356 essemus.
1384 1289 1485 1372 Igitur
1507 1295 1541 1352 ut
1562 1289 1668 1370 gallae
1690 1285 1808 1364 inluso,

367 1408 465 1493 »quod
494 1411 584 1476 nobis
613 1410 740 1494 quidem
771 1410 910 1476 omnium
936 1409 1144 1476 remediorum
1173 1431 1270 1476 unum
1300 1430 1336 1475 se
1363 1409 1525 1494 probavit,
1556 1407 1602 1473 uti
1617 1407 1759 1484 liceret,
1789 1425 1809 1470 a

367 1529 659 1597 nReverendissim‘o
688 1531 833 1615 Capitale
862 1530 956 1596 venia
984 1530 1123 1616 petenda
1155 1537 1233 1596 erat.
1280 1529 1352 1608 Qua
1380 1549 1416 1594 re
1445 1529 1590 1593 effectum
1620 1533 1685 1608 est,
1726 1534 1761 1592 ut
1789 1547 1809 1590 a

367 1651 486 1717 »medio
514 1651 642 1718 demum
671 1652 762 1717 Iunio
790 1672 831 1717 ex
866 1658 938 1716 voto
972 1652 1063 1718 nobis
1092 1649 1277 1736 procederet
1308 1651 1447 1734 suscepti
1476 1648 1620 1714 mandati
1652 1647 1805 1728 executio,

367 1791 478 1854 aquae,
508 1792 579 1837 eum
602 1773 709 1855 aliqua
730 1779 836 1836 tamen
859 1770 1104 1854 intermissione,
1135 1772 1177 1837 ad
1200 1771 1337 1837 medium
1360 1751 1426 1836 scre
1449 1769 1616 1836 Octobrem
1639 1773 1810 1852 occupatos

367 1911 439 1956 snos
462 1894 572 1958 tenuit.
620 1892 831 1958 Bekkerns
854 1892 1001 1975 quidem,
1033 1899 1067 1956 ut
1095 1891 1160 1958 alia
1189 1911 1289 1975 eaque
1310 1890 1501 1974 gravissima
1522 1890 1659 1955 litterata
1682 1888 1810 1970 negotia

366 2012 421 2078 »ab
450 2012 624 2078 Academia
658 2002 759 2096 Regia
795 2012 854 2078 sibi
892 2012 1061 2079 commissa
1097 2012 1282 2096 expediret,
1315 2012 1386 2094 jam
1422 2019 1558 2077 exeunte
1594 2028 1699 2075 mense
1728 2007 1810 2072 Iulio

367 2131 594 2197 »Mediolanum
624 2152 659 2198 se
688 2134 878 2212 contulerat3
910 2153 1011 2216 neque
1039 2140 1145 2198 tamen
1168 2134 1270 2199 solum
1299 2152 1349 2198 me
1378 2133 1558 2216 reliquerat.
1606 2127 1809 2196 Clarissimus

368 2252 466 2316 renim
489 2253 761 2336 Hcllwegius,
792 2253 1012 2319 Vniversitatis
1040 2253 1212 2318 litterariae
1240 2251 1474 2332 Berolinensis,
1505 2251 1558 2316 ubi
1583 2251 1653 2334 jam
1682 2249 1809 2332 egregie

366 2373 572 2440 »Prolesscris
602 2381 709 2459 partes
738 2374 891 2454 sustinet,
923 2395 960 2440 eo
989 2381 1130 2458 tempore
1159 2373 1323 2454 alumnus,
1358 2392 1428 2438 cnm
1457 2371 1697 2448 difficultatum,
1730 2387 1810 2452 quas

365 2493 510 2560 »haberet
531 2494 649 2560 codicis
668 2494 760 2559 XIII.
786 2493 965 2578 explicatio,
992 2493 1077 2559 lama
1092 2493 1134 2558 ad
1149 2513 1220 2559 eum
1244 2495 1365 2578 perlata
1387 2499 1484 2572 esset,
1509 2493 1682 2557 litterarum
1703 2507 1809 2554 amore

365 2612 510 2694 aucus,
535 2633 599 2683 sua¹
615 2621 727 2699 sponte
750 2634 879 2699 operam
902 2635 993 2680 snam
1016 2615 1181 2681 oblaturus
1202 2614 1244 2680 ad
1266 2634 1324 2680 nos
1347 2623 1495 2679 venerat:
1522 2613 1613 2697 cnjus
1635 2609 1810 2676 iudustriae

367 2741 475 2816 ratque
504 2735 663 2800 sollertiae
689 2743 841 2818 quantum
870 2734 1021 2814 debeam,
1052 2734 1158 2800 dicere
1180 2735 1235 2799 vix
1263 2753 1400 2819 possum.
1450 2734 1519 2798 Iam
1541 2753 1616 2798 vero
1646 2737 1696 2809 ut,
1728 2751 1809 2814 qnae

366 2855 645 2954 praestiterimus,
676 2856 813 2921 breviter
841 2855 1069 2936 demonstrem,
1103 2855 1237 2940 primum
1261 2875 1318 2934 ea,
1350 2873 1431 2937 quae
1453 2853 1704 2919 Niebuhrins
1733 2871 1810 2916 ecn-

365 2974 514 3054 rseeerat,
539 2976 683 3060 exempla
706 2975 874 3058 diligenter
897 2983 929 3041 et
951 2976 1189 3060 recognovimus
1212 2981 1243 3040 et
1264 2974 1498 3060 supplevimus:
1526 2973 1641 3039 deinde
1663 2992 1713 3050 ea,
1739 2973 1810 3054 qui-

364 3094 437 3159 »bus
463 3095 635 3177 juridicum
667 3095 785 3161 codicis
813 3096 904 3160 XIII.
937 3102 1157 3179 argumentum
1186 3095 1472 3180 comprehenditur,
1504 3113 1648 3178 quaeque
1679 3111 1808 3178 prorsus

363 3213 538 3297 »incognita
560 3223 650 3280 erant
671 3222 778 3295 antea,
810 3216 959 3300 pleraque
981 3216 1088 3282 omnia
1110 3215 1386 3309 transcripsimus3
1419 3221 1471 3294 ut,
1505 3233 1587 3297 quae
1616 3213 1809 3298 inexplicata

363 3335 467 3400 anobis
491 3336 699 3418 rahnquenda
721 3335 847 3415 luerint,
868 3337 922 3401 vix
944 3357 1059 3402 nonam
1082 3337 1178 3402 totius
1200 3336 1319 3402 codicis
1341 3342 1463 3420 partem
1487 3335 1644 3400 efficiant:
1668 3333 1807 3416 denique

363 3455 475 3538 uillam,
502 3475 596 3538 quarn
611 3474 709 3540 supra
725 3455 913 3539 significavi,
936 3456 1086 3522 Savinii
1109 3459 1321 3542 conjecturam
1336 3455 1535 3522 verissimam
1557 3455 1735 3520 invenimus
1753 3503 1759 3517 .
1776 3504 1804 3518 ..

362 3575 490 3659 »Neque
511 3595 601 3657 vero,
634 3596 706 3641 eum
728 3595 914 3660 prosperum
936 3576 1020 3642 hune
1041 3577 1143 3660 cogito
1166 3584 1331 3654 eventum,
1362 3583 1538 3660 temperare
1560 3575 1637 3640 mihi
1660 3593 1800 3659 possum,

363 3696 452 3779 »quin
480 3703 573 3778 grata
602 3703 706 3763 mente
728 3699 887 3764 nominem
910 3698 1003 3764 Viros
1025 3698 1246 3782 Amplissimos
1274 3705 1369 3780 atque
1392 3695 1672 3773 Generosissimcs,
1699 3695 1806 3761 Comi·

362 3822 440 3882 »tem
463 3815 510 3882 de
532 3817 656 3897 Goes,
681 3816 870 3901 Supremam
893 3817 989 3884 totins
1008 3818 1149 3883 Venetae
1171 3817 1351 3902 provinciae
1374 3815 1567 3899 Praesidem,
1593 3815 1805 3898 Liberumque

362 3937 532 4002 »Batonem
561 3935 611 4004 de
639 3937 833 4020 Lederer,
863 3938 1036 4006 Veronensi
1064 3938 1186 4021 regioni
1215 3937 1432 4016 Praefectum,
1464 3936 1517 4020 qui
1547 3955 1670 4002 summo
1699 3935 1804 4001 studio

362 4077 434 4123 snos
455 4056 656 4141 adjuverunt.
696 4059 829 4124 Multum
852 4078 945 4144 porro
967 4059 1125 4125 amicitiae
1147 4058 1300 4125 debemus
1322 4065 1388 4122 tum
1409 4057 1612 4123 Celeberrimi
1635 4061 1727 4122 lose
1734 4056 1804 4140 phi

362 4177 593 4257 »Zamboni,
618 4177 741 4263 physici
757 4179 905 4263 insignis,
922 4186 988 4244 tum
1009 4179 1219 4244 Illustrissimi
1234 4179 1365 4244 Comitis
1380 4177 1537 4260 Ignatii
1554 4176 1804 4260 Bevilaequa

363 4298 537 4376 ahaziae,
566 4298 742 4364 litterarum
769 4319 832 4364 non
862 4298 993 4365 fautoris
1016 4299 1128 4378 mode,
1160 4299 1219 4364 sed
1247 4299 1341 4363 etiarn
1371 4297 1529 4390 cultoris..
1559 4296 1618 4361 Hie
1641 4298 1693 4362 vel
1715 4309 1804 4381 post-

360 4439 469 4502 >auam
492 4417 617 4484 Verona
638 4419 835 4502 abieramus,
869 4419 986 4505 incepti
1009 4420 1106 4485 nostri
1130 4419 1396 4485 studiosissimum
1420 4437 1455 4484 se
1477 4417 1653 4502 praestitit3
1686 4417 1801 4501 qnippe

360 4539 429 4622 sqni
458 4539 528 4624 ejus
556 4539 697 4606 notitiam
728 4539 866 4622 eleganti
895 4540 1003 4606 libello
1032 4561 1102 4606 eum
1131 4539 1336 4624 popularibus
1365 4538 1432 4604 suis
1462 4535 1801 4620 communicaveram„

361 4667 407 4725 net
428 4668 493 4724 tam
517 4661 685 4743 fragmenti
699 4659 739 4725 de
762 4660 1044 4746 praescriptionum
1064 4668 1096 4726 et
1116 4659 1353 4726 interdictorum
1370 4658 1455 4742 jure,
1481 4677 1575 4742 quam
1591 4657 1651 4723 loei
1666 4657 1803 4742 alicujus

360 4799 414 4845 rex
441 4780 473 4846 S.
500 4779 684 4866 Hieronymi
712 4780 873 4864 epistolis,
905 4781 959 4864 qni
989 4788 1076 4847 extat
1097 4781 1130 4846 in
1153 4779 1261 4845 codiee
1283 4779 1396 4859 XHI.,
1428 4797 1486 4844 sua
1509 4798 1605 4842 manu
1627 4779 1804 4843 exaraverit

360 4901 543 4985 »imaginem
572 4909 679 4967 nostro
709 4901 778 4966 usui
807 4901 1015 4981 destinatam,
1045 4920 1109 4984 qua
1136 4900 1252 4984 singuli
1281 4899 1398 4984 quique
1423 4897 1587 4984 archetypi
1610 4898 1724 4964 ductus
1747 4917 1802 4962 ac-

360 5023 572 5087 »curatissime
606 5021 833 5106 exprimuntur.
889 5021 969 5087 Cum
1003 5029 1107 5086 autem
1140 5041 1160 5086 a
1197 5018 1468 5085 Reverendissimi
1496 5017 1636 5104 Capituli
1668 5017 1802 5083 decretis

359 5143 570 5226 »potissimum
599 5141 752 5227 penderet
781 5141 921 5225 suscepti
951 5140 1055 5224 operis
1084 5147 1236 5219 eventus,
1268 5140 1348 5206 illud
1377 5139 1468 5204 nobis
1498 5139 1635 5204 omnium
1664 5138 1801 5202 maxime

430 5399 458 5463 ¹⁰)
478 5399 552 5453 »Via
573 5415 655 5468 supra
673 5407 729 5452 not.
747 5400 770 5450 l.
