5306 6686
1437 599 1760 674 -·-1111--·Ι

846 888 1043 967 »exoptatum
1083 881 1232 966 contigit,
1280 880 1363 964 quod
1398 879 1680 948 Reverendissimi·
1704 876 1832 944 Domini
1868 875 2061 942 Marchiouis
2094 874 2288 960 Dionysii

846 1002 1003 1070 »Caroli
1032 1001 1213 1078 Dionisi,
1250 1000 1343 1067 Sedis
1370 1001 1571 1086 Episcopalis
1594 997 1712 1066 Vicarii
1739 995 1923 1080 Generalis,
1959 1005 1993 1064 et
2018 995 2288 1064 Reverendissimi

845 1123 987 1189 »Domini
1010 1122 1142 1190 Comitis
1168 1121 1469 1188 Bartholomaei
1498 1119 1729 1201 Guarienti,
1762 1117 1977 1186 Bibliothecae
2004 1117 2197 1202 capitularis
2218 1117 2289 1182 An-

847 1241 980 1322 »tistitis,
1005 1243 1148 1309 Virorum
1172 1242 1318 1308 omnibus
1341 1240 1546 1308 humanitatis
1569 1239 1695 1306 dotibus
1716 1239 1901 1324 insignium,
1928 1237 2175 1308 benivolentiam
2196 1238 2289 1304 nobis

845 1363 1107 1430 »conciliavimus
1154 1364 1259 1428 Tanta
1280 1362 1435 1447 imprimis
1458 1359 1714 1427 excellentissimi
1736 1357 1869 1426 Comitis
1892 1358 2104 1426 Guarienli
2131 1377 2208 1442 erga
2228 1377 2289 1424 nos

845 1482 918 1550 »fuit
945 1483 1093 1565 comitas,
1126 1489 1278 1566 tantaque
1305 1482 1496 1561 liberalitas,
1522 1488 1557 1546 nt
1584 1482 1689 1562 nulla,
1724 1499 1787 1563 qua
1815 1479 1948 1546 consilia
1975 1485 2084 1546 nostra
2108 1485 2286 1562 promotum

843 1604 895 1669 oiri
918 1604 1090 1685 sentiebat,
1117 1603 1262 1670 molestia
1282 1601 1411 1686 gravari
1433 1601 1605 1668 videretur.

931 1723 1156 1790 »Behkerus
1185 1722 1266 1803 11111,
1296 1743 1377 1806 quae
1407 1741 1506 1806 supra
1534 1720 1645 1804 tetigi,
1674 1719 1868 1788 Academiae
1890 1719 2009 1803 Regino
2030 1718 2190 1786 mandatis
2213 1721 2287 1788 din-

842 1843 919 1911 atius
942 1844 974 1909 in
996 1844 1091 1909 ltalia
1112 1842 1363 1926 detinebatur²l3
1396 1841 1473 1907 mihi
1495 1861 1570 1908 vero
1593 1860 1664 1908 cnm
1687 1841 1922 1924 Hollwegio
1947 1858 2090 1917 reverso,
2115 1846 2284 1924 postquam

842 1965 888 2030 lin
919 1964 1110 2030 Academiae
1138 1982 1288 2028 consessu
1318 1962 1358 2028 de
1387 1961 1501 2028 itinere
1529 1961 1656 2042 rettuli,
1689 1960 1764 2046 Gaji
1792 1959 2011 2028 Institutiones
2040 1961 2285 2044 Fragmentum-

842 2105 917 2169 »que
938 2085 978 2152 de
1001 2085 1073 2150 Iure
1095 2083 1181 2150 Fisci
1203 2081 1318 2150 edendi
1342 2101 1456 2150 munus
1478 2081 1657 2166 injunctum
1681 2089 1740 2148 est.
1766 2088 1851 2148 etc«

926 2205 967 2270 Et
988 2204 1127 2289 prolecto
1151 2203 1353 2270 laudabiliter
1374 2201 1530 2269 satisfecit
1553 2177 1719 2268 Goeschen
1741 2199 1834 2285 primi
1856 2185 1989 2268 editoris
2010 2202 2143 2268 moneri.
2183 2203 2286 2273 Multa

840 2326 923 2392 enim
945 2345 1027 2409 quae
1049 2344 1133 2416 nunc
1161 2323 1314 2390 facillima
1341 2322 1504 2389 intellectu
1527 2322 1714 2400 uideantur,
1743 2320 1934 2388 difficillima
1962 2321 2062 2388 fuisse
2088 2322 2285 2406 inuestigatu

841 2445 979 2514 schedae
1007 2445 1083 2511 illae
1105 2443 1339 2523 demonstrant,
1373 2461 1456 2525 qnae
1485 2463 1505 2508 a
1529 2442 1713 2509 Goescheno
1735 2442 1885 2508 Bekhero
1907 2440 2286 2528 Bathmann-Hollwegio

841 2568 986 2632 Veronae
1009 2564 1170 2632 conlectae
1193 2571 1224 2630 et
1246 2561 1467 2630 aGoescheno
1490 2583 1563 2630 mox
1586 2563 1763 2648 descriptae
1785 2558 1903 2646 suntl).
1944 2561 2045 2639 Quem
2068 2583 2139 2636 cum
2154 2563 2286 2630 Behker

841 2693 873 2752 et
895 2687 1059 2768 Hollweg,
1091 2684 1145 2768 qui
1168 2683 1298 2750 comites
1321 2683 1350 2750 ai
1373 2691 1463 2750 erant
1485 2683 1540 2750 illo
1562 2691 1703 2767 tempore
1725 2691 1757 2749 et
1777 2683 1895 2750 laboris
1918 2682 2005 2764 socii,
2032 2689 2215 2768 praesentes
2237 2684 2286 2750 ita

722 2783 723 2786 Ἴ
839 2805 1055 2885 adiuuissent,
1088 2812 1124 2870 ut
1151 2804 1221 2888 quis
1250 2823 1374 2887 quoque
1400 2804 1470 2871 loco
1499 2803 1652 2871 lectiones
1674 2803 1727 2869 ool
1757 2803 1856 2870 oculis
1884 2802 2059 2870 inuenisset
2087 2802 2207 2888 primus
2230 2806 2283 2870 uel

840 2926 956 2992 iudicio
983 2924 1207 3010 expendisset,
1232 2923 1295 2990 dici
1324 2923 1487 3007 nequiret,
1518 2924 1553 2990 in
1582 2943 1674 2992 suurn
1697 2923 1811 3006 cuique
1832 2923 2000 2991 tribuendo
2022 2932 2190 2990 accuratus
2212 2943 2286 2990 esse

841 3067 905 3114 non
927 3047 1027 3132 potui.
1068 3045 1179 3129 Imque
1202 3043 1256 3110 nbi
1279 3043 1432 3110 lectiones
1453 3043 1487 3110 in
1511 3043 1638 3110 schedis
1660 3044 1724 3110 illis
1748 3043 1928 3130 propositas
1949 3045 2020 3128 ipse
2042 3050 2171 3130 propter
2186 3063 2287 3110 mem-

842 3161 961 3234 branae
994 3166 1100 3232 tabern
1134 3184 1235 3249 neque
1269 3165 1453 3231 confirmare
1482 3169 1626 3248 poteram
1655 3183 1758 3248 neque
1793 3163 1951 3244 refutare,
1987 3163 2175 3232 Goescheno
2208 3165 2289 3232 iuris

843 3287 948 3354 ciuilis
970 3285 1115 3371 inprimis
1137 3285 1238 3370 perito
1261 3290 1292 3352 et
1307 3284 1511 3352 Bekkeriana
1532 3290 1564 3350 et
1578 3283 1831 3369 Hollwegiana⁰l
1858 3283 2052 3352 adiudicaui.
2095 3283 2144 3352 Ea
2166 3287 2284 3366 omnia,

843 3429 925 3494 quae
947 3427 988 3474 ex
1009 3406 1060 3472 his
1083 3405 1210 3472 schedis
1232 3405 1266 3470 in
1288 3411 1469 3471 contextum
1492 3405 1614 3490 recepi,
1639 3404 1699 3471 hoc
1721 3403 1921 3491 parenthesis
1943 3405 2035 3489 signo
2063 3406 2071 3489 (
2116 3408 2124 3490 l
2152 3405 2288 3472 circum·
2333 3427 2337 3432 ·

843 3528 975 3614 scripsi:
1000 3527 1089 3594 uelut
1111 3545 1187 3612 pag.
1206 3527 1310 3606 35,23
1333 3526 1394 3592 hoc
1415 3525 1541 3610 signum
1563 3525 1683 3592 indicat
1708 3529 1770 3588 101
1787 3529 2286 3592 1111ιο81111οΝιο1οι1

846 3631 1419 3750 λῐθῐὶ311111088110011ιῖῑ
1451 3663 1573 3730 litteras
1602 3683 1621 3728 a
1648 3682 1700 3729 me
1727 3663 1798 3748 ipso
1827 3663 1941 3748 dispici
1969 3683 2031 3730 nou
2062 3663 2203 3748 potuisse
2231 3663 2289 3730 sed

845 3787 922 3854 solis
954 3785 1081 3852 schedis
1110 3779 1472 3868 (1111111111111111).
1525 3784 1590 3850 Eas
1618 3783 1760 3862 litteras,
1792 3803 1875 3867 quae
1903 3783 1937 3849 in
1966 3782 2016 3850 his
2044 3783 2124 3868 ipsis
2152 3784 2289 3852 interro·

844 3907 983 3991 gationis
1011 3905 1102 3989 signo
1130 3909 1258 3970 notatae
1286 3911 1377 3986 sunt,
1412 3903 1538 3988 punctis
1568 3903 1771 3970 adumbraui:
1802 3905 1890 3970 uelut
1919 3905 1971 3986 35,
1984 3907 2024 3969 23
2055 3909 2084 3967 O
2112 3904 2289 3972 indicatio

913 4185 933 4246 Ιι1
955 4179 1034 4234 Conl.
1060 4197 1129 4250 quae
1153 4179 1288 4234 Ernestus
1311 4178 1463 4233 lmmanuel
1487 4178 1599 4233 llelrker
1621 4177 1832 4234 iurisconsultus
1857 4178 2033 4234 Immanuelis
2057 4178 2190 4250 philologi
2215 4180 2289 4234 iilius

847 4268 881 4322 de
900 4285 931 4322 ea
948 4283 978 4322 re
996 4264 1103 4320 rettulit
1120 4265 1148 4319 in
1166 4265 1257 4320 annal.
1278 4264 1389 4320 Boruss.
1410 4263 1510 4318 XXIX
1528 4281 1591 4334 pag.
1612 4266 1644 4316 23
1663 4281 1719 4334 seq.

915 4371 935 4433 b)
958 4367 1037 4424 Coni.
1058 4367 1093 4422 de
1116 4368 1159 4422 his
1183 4366 1301 4430 schedia,
1327 4384 1396 4437 quae
1420 4375 1493 4422 nunc
1517 4384 1572 4422 una
1595 4385 1658 4422 cum
1682 4367 1789 4422 schedis
1807 4367 1980 4423 Bluhrnianis
2004 4377 2111 4424 etcum
2129 4371 2301 4442 apographol

847 4455 992 4526 fragmenti
1021 4455 1055 4509 de
1083 4454 1142 4508 iure
1160 4451 1217 4508 fisci
1240 4453 1269 4506 in
1297 4453 1463 4508 bibliotheca
1486 4453 1563 4523 regia
1585 4453 1758 4508 Berolinensi
1779 4459 1853 4518 (msc.
1874 4454 1921 4508 lat.
1941 4453 1988 4507 lol.
2009 4457 2067 4520 ³08)
2094 4456 2287 4521 adtenuantur,

846 4540 1144 4611 Bethmann-Hellweg
1165 4540 1194 4593 in
1211 4537 1378 4594 »zeitschrift
1406 4538 1449 4592 ihr
1467 4538 1739 4609 Rechtsgeschichter
1762 4540 1817 4594 uol.
1837 4539 1862 4593 V
1886 4557 1949 4611 pag.
1970 4541 2019 4592 362
2045 4557 2104 4611 sqq.
2155 4541 2291 4597 Memoria

847 4628 970 4699 inprimis
989 4628 1074 4698 digna
1092 4635 1157 4680 sunt
1174 4643 1245 4695 quae
1263 4642 1325 4695 pag.
1338 4627 1388 4678 365
1407 4625 1554 4680 docentur:
1575 4625 1684 4680 »Wenn
1702 4627 1746 4680 die
1759 4625 1977 4680 Gbschen'schen
1991 4623 2114 4680 Scheden
2131 4627 2176 4681 die
2189 4627 2290 4681 Grbsae

847 4715 922 4768 einer
939 4713 1034 4768 Lhcke
1057 4711 1143 4766 durch
1166 4710 1227 4766 eine
1245 4711 1330 4765 Reihe
1347 4728 1401 4764 ron
1420 4709 1570 4766 Sternchen
1596 4713 1722 4782 angeben
1749 4710 1831 4778 [coni.
1851 4729 1874 4765 a.
1895 4729 1923 4781 g.
1943 4729 2006 4782 pag.
2026 4713 2059 4763 35
2078 4729 2149 4768 uers.
2171 4715 2230 4779 23],
2257 4731 2288 4767 so

847 4799 1012 4854 bezeichnen
1036 4797 1109 4852 disse
1132 4795 1208 4850 nicht
1231 4814 1316 4867 ganze
1341 4796 1526 4862 Buchstaben,
1553 4798 1672 4852 sondern
1697 4797 1817 4852 einzelne
1840 4797 1962 4861 Striche,
1989 4797 2072 4850 deren
2096 4798 2176 4869 jeder
2198 4799 2288 4853 Eiueu

847 4885 1037 4950 Buchstahen,
1057 4901 1081 4937 a.
1095 4883 1128 4936 B.
1151 4901 1176 4947 ι,
1202 4883 1267 4937 aher
1284 4882 1354 4936 auch
1371 4881 1435 4936 uwel
1454 4881 1545 4936 Einen
1562 4900 1584 4936 a.
1600 4882 1632 4938 B.
1653 4884 1698 4936 ein
1718 4899 1739 4936 κ
1759 4883 1826 4938 oder
1845 4899 1863 4936 u
1883 4883 1940 4937 und
1958 4883 2016 4937 drei
2037 4899 2060 4936 a.
2075 4882 2107 4936 B.
2128 4883 2171 4936 ein
2190 4900 2216 4938 m
2235 4883 2290 4938 bil-

847 4971 901 5025 den
919 4970 1061 5024 hannem«

917 5079 935 5139 0)
957 5074 990 5128 ln
1008 5091 1064 5130 una
1081 5091 1144 5144 pag.
1160 5075 1201 5138 ³⁰,
1222 5088 1303 5142 quam
1320 5070 1410 5125 solum
1428 5070 1611 5141 Hollwegium
1630 5069 1729 5141 legisse
1749 5069 1891 5125 Goeschen
1909 5071 2062 5138 aduolauit,
2085 5070 2124 5126 1111
2143 5089 2222 5126 suum
2239 5073 2290 5128 tri-

847 5161 931 5216 buere
948 5162 1033 5232 potui.

917 5261 938 5328 ‘¹2
959 5263 1012 5316 Pro
1029 5263 1073 5316 his
1089 5261 1155 5334 ipsis
1173 5261 1270 5316 litteris
1292 5261 1358 5332 quid
1370 5259 1486 5313 Bluhme
1505 5259 1655 5329 dispertisse
1674 5259 1725 5313 sibi
1743 5260 1820 5314 uisus
1839 5259 1881 5324 sit,
1903 5259 1983 5314 docet
2001 5269 2066 5316 nota
2082 5259 2146 5315 huic
2164 5261 2257 5316 uersui
2274 5279 2291 5316 a

850 5367 892 5404 me
911 5347 1073 5419 subscripta.
1094 5350 1122 5402 in
1141 5365 1196 5418 qua
1215 5347 1219 5418 l
1238 5346 1339 5403 lineola
1357 5344 1496 5416 significat
1513 5361 1608 5398 uersus
1629 5344 1710 5398 finem
1728 5343 1856 5399 Bluhmio
1875 5345 2040 5416 apparuisse.
