5306 6686
1421 711 1472 722 ·-
1524 693 1616 742 XVIII
1667 709 1720 722 *-

846 982 998 1056 nonest,
1032 983 1139 1041 tamen
1169 975 1295 1059 placido
1324 995 1363 1042 ac
1391 996 1490 1060 prope
1520 977 1608 1042 molli
1636 975 1739 1062 gradu
1762 975 1914 1061 procedat
1936 975 2111 1058 seduloque
2134 976 2234 1042 euitet
2256 996 2296 1042 ea

845 1114 928 1179 quae
955 1095 1091 1161 obscura
1119 1103 1175 1160 aut
1201 1095 1364 1160 recondita
1386 1103 1418 1161 et
1446 1117 1466 1161 a
1492 1096 1720 1182 discipulorum
1743 1096 1963 1180 intellegentia
1985 1115 2145 1179 sensuque
2167 1096 2294 1180 longius

848 1215 1008 1280 disiuncta
1029 1215 1214 1299 uideantur,
1248 1215 1409 1300 philologo
1432 1224 1506 1282 ante
1528 1217 1635 1283 omnia
1656 1217 1691 1281 id
1713 1216 1942 1302 explorandum
1967 1223 2051 1298 erat,
2086 1236 2149 1299 quo
2170 1215 2239 1282 iure
2260 1216 2294 1282 in

847 1335 926 1401 loeta
949 1335 1108 1402 lacunosis
1123 1336 1262 1401 uirorum
1285 1334 1446 1402 doctorum
1470 1337 1658 1404 coniecturis
1674 1337 1756 1404 Gaio
1778 1337 1872 1404 modo
1895 1336 2046 1403 confusae
2069 1342 2100 1402 et
2123 1337 2294 1420 perplexae

846 1455 940 1521 modo
970 1463 1132 1538 tamquam
1161 1456 1359 1540 praefractae
1386 1463 1483 1539 atque
1513 1459 1656 1526 elumbes
1683 1459 1851 1524 uerborum
1880 1463 2057 1524 structurae
2085 1455 2179 1522 modo
2207 1456 2294 1521 inani

847 1577 1015 1642 uerborum
1043 1575 1169 1641 eumnlo
1198 1583 1412 1660 exaggeratae
1444 1579 1622 1644 sententiae
1652 1580 1800 1646 obtrusae
1829 1585 1946 1644 essent.
2003 1575 2075 1654 Qua
2108 1575 2294 1660 quaestione

848 1715 911 1780 qno
939 1695 1058 1761 diutim
1088 1702 1259 1782 occupatus
1287 1717 1390 1780 eram,
1424 1717 1461 1764 eo
1490 1700 1606 1764 certius
1633 1699 1713 1765 mihi
1742 1700 1908 1766 constabat
1935 1697 2105 1764 abhorrere
2134 1717 2155 1761 a
2184 1695 2294 1762 sedato

847 1816 976 1884 dicendi
1001 1836 1120 1900 genere
1153 1816 1385 1883 institutionum
1417 1817 1611 1884 Gaianarum
1640 1825 1672 1884 et
1700 1820 1741 1886 ab
1772 1818 1833 1885 hac
1862 1817 2083 1884 summissione
2115 1815 2294 1883 umbratilis

849 1935 1000 2004 orationis
1030 1935 1144 2002 duram
1171 1936 1261 2002 illam
1290 1957 1503 2022 asperamque
1531 1959 1590 2005 nec
1619 1941 1698 2006 satis
1726 1938 1892 2006 rotundam
1916 1937 2193 2021 compositorem,
2233 1957 2296 2020 qua

847 2078 907 2123 nec
936 2057 1062 2142 penitus
1091 2064 1257 2142 perspecto
1272 2078 1331 2124 nee
1354 2058 1488 2124 feliciter
1502 2068 1688 2145 recuperato
1712 2060 1874 2144 scriptoris
1897 2057 2029 2125 consilio
2044 2077 2140 2124 uerus
2162 2056 2295 2141 sanguis

847 2178 999 2243 orationis
1030 2177 1173 2243 Gaianae
1203 2176 1371 2261 deperiret.
1432 2179 1543 2264 Neque
1572 2201 1648 2246 uero
1677 2181 1826 2246 acerbius
1859 2177 2062 2264 uituperandi
2090 2185 2165 2244 sunt
2199 2178 2295 2244 iuris·

847 2297 999 2377 consulti,
1030 2299 1083 2382 qni
1112 2319 1184 2364 cum
1206 2317 1307 2383 nuper
1329 2297 1371 2364 ad
1393 2299 1466 2365 Gaii
1490 2301 1743 2367 emendationem
1765 2299 1968 2381 accederent,
2000 2319 2063 2365 non
2085 2318 2158 2364 raro
2180 2299 2295 2364 rectius

847 2417 986 2484 sensisse
1008 2439 1104 2502 quam
1126 2418 1252 2484 felicius
1275 2419 1449 2486 correxisse
1465 2420 1544 2486 uitia
1563 2421 1747 2486 uideantur:
1772 2419 1869 2485 immo
1891 2439 1948 2503 per
1969 2418 2047 2484 mihi
2069 2418 2182 2482 mirum
2204 2417 2295 2483 uide-

796 2555 797 2558 ’
847 2543 907 2618 tur,
934 2537 1019 2620 quod
1041 2537 1121 2604 haec
1143 2545 1235 2604 aetas
1258 2538 1503 2624 philologorum,
1531 2541 1623 2624 quasi
1646 2541 1725 2606 iuris
1747 2540 1882 2606 Romani
1905 2538 1973 2606 fere
1995 2541 2109 2623 ignara
2132 2544 2219 2604 esset
2240 2544 2296 2602 aut

847 2659 950 2724 inuita
973 2658 1015 2724 ad
1036 2659 1087 2724 ius
1108 2658 1296 2725 discendum
1323 2659 1513 2748 declinaret,
1545 2667 1646 2728 totum
1668 2661 1727 2728 hoc
1750 2679 1854 2744 genus
1875 2659 2020 2739 dicendi,
2051 2660 2085 2724 in
2107 2678 2171 2740 quo
2191 2636 2297 2742 panca

849 2799 913 2844 non
935 2797 1017 2865 pura
1038 2785 1071 2844 et
1093 2779 1187 2862 quasi
1202 2778 1340 2847 candida
1361 2785 1445 2862 sunt,
1472 2800 1600 2865 prorsus
1621 2781 1781 2865 neglexit3
1806 2787 1948 2847 attamen
1963 2779 2037 2846 Gaii
2058 2786 2295 2863 ceterorumque

848 2898 987 2983 optimae
1010 2899 1127 2966 aetatis
1155 2899 1450 2966 iurisconsultorum
1477 2900 1574 2967 libros
1597 2901 1670 2986 plus
1700 2903 1855 2968 interesse
1878 2900 2022 2967 cuiusuis
2052 2899 2205 2984 philologi
2228 2919 2295 2964 me-

849 3017 998 3084 diocriter
1019 3018 1052 3083 in
1068 3019 1137 3085 inre
1153 3019 1273 3084 uersati
1296 3018 1412 3086 studiis
1434 3019 1477 3085 ad
1499 3020 1675 3086 litterarum
1693 3021 1907 3087 Romanarum
1922 3020 2088 3087 scientiam
2102 3039 2297 3104 recuperan-

849 3138 924 3204 dam
953 3159 1049 3222 quam
1079 3139 1295 3206 subinsulsam
1316 3140 1538 3206 Africanorum
1568 3141 1754 3225 scriptorum
1784 3141 1974 3206 latinitatem
2003 3142 2054 3206 uel
2080 3139 2296 3224 sophistarum

849 3258 1071 3342 rhetorumque
1094 3258 1216 3342 fucum,
1246 3260 1280 3324 ln
1301 3261 1417 3344 quibus
1438 3262 1676 3345 perscrutandis
1698 3261 1789 3328 multi
1811 3262 1907 3328 hodie
1929 3259 2097 3343 desudent,
2122 3259 2296 3344 prudentes

849 3379 1082 3446 existimatores
1106 3380 1200 3446 facile
1222 3379 1406 3446 concedent.
1448 3380 1533 3448 Sane
1548 3382 1649 3448 Gaius
1666 3402 1739 3448 cum
1753 3389 1838 3448 totus
1854 3381 2067 3448 delectaretur
2088 3381 2123 3446 in
2138 3379 2293 3461 docendo,

849 3518 922 3564 raro
951 3504 1045 3566 tenue
1075 3479 1322 3583 argumentandi
1348 3500 1437 3566 filum
1466 3501 1633 3586 elegantiis
1662 3503 1869 3586 artificiisqne
1898 3501 2066 3567 exornanit
2093 3521 2132 3566 ac
2161 3521 2202 3566 ne
2229 3521 2297 3566 me·

849 3619 994 3685 motabili
1033 3620 1161 3703 quidem
1206 3621 1262 3686 illo
1308 3621 1376 3688 loeo
1428 3621 1568 3706 (9218),
1619 3622 1673 3687 ubi
1713 3622 1862 3687 sucas
1908 3629 1940 3688 et
1983 3621 2133 3686 obiecerit
2178 3621 2297 3687 formas

849 3739 974 3807 uicinas
990 3759 1061 3806 esse
1077 3741 1223 3824 uoluitr),
1249 3741 1469 3808 immutatione
1491 3761 1664 3826 paucarum
1685 3742 1861 3808 litterarum
1885 3747 2072 3808 uenustates
2095 3740 2297 3824 quaesiuisre

850 3859 986 3926 uidetur.
1032 3861 1121 3928 Idem
1143 3880 1275 3946 graecos
1297 3862 1375 3929 istos
1397 3860 1545 3927 flosculos
1568 3861 1716 3942 euitauit,
1750 3862 1865 3946 quibus
1888 3881 1929 3928 ex
1950 3861 2178 3947 posterioribus
2200 3861 2297 3927 iuris·

850 3981 1003 4046 consultis
1026 4002 1089 4047 non
1112 3982 1205 4066 pauci
1226 3982 1404 4048 doctrinam
1426 3988 1635 4048 ostentarunt.

936 4103 1040 4185 Atque
1055 4101 1182 4168 omnino
1198 4103 1328 4187 saepius
1351 4101 1486 4167 allorum
1502 4101 1641 4166 uirorum
1657 4101 1820 4168 doctorum
1842 4102 2040 4169 coniecturas
2064 4099 2296 4186 reprehendere

851 4222 939 4306 potui
961 4241 1056 4305 quam
1079 4221 1247 4304 corrigere.
1292 4222 1398 4306 Saepe
1414 4222 1500 4288 enim
1521 4222 1560 4288 in
1578 4222 1797 4306 palimpsesfis
1820 4222 1874 4288 ubi
1889 4221 1966 4305 quid
1989 4221 2042 4302 sit,
2066 4241 2131 4288 non
2152 4220 2294 4306 dispic'rs,

850 4349 884 4408 at
912 4341 989 4425 quid
1010 4361 1073 4408 non
1096 4342 1148 4421 sit,
1173 4341 1321 4426 dispicio:
1356 4342 1383 4408 si
1406 4362 1447 4409 ne
1468 4341 1502 4408 id
1524 4343 1663 4425 quidem,
1690 4349 1724 4407 at
1739 4348 1892 4424 quantum
1914 4341 2011 4426 spatii
2032 4340 2067 4406 id
2080 4341 2294 4428 occupauerit,

853 4460 961 4538 uides;
981 4463 1215 4546 supplementa,
1234 4482 1316 4545 quae
1331 4483 1352 4527 a
1366 4463 1598 4529 iurisconsultis
1614 4463 1647 4528 in
1662 4462 1741 4530 loeIs
1756 4462 1918 4529 lacunosis
1933 4461 2116 4546 excogitata
2129 4469 2215 4541 sunt,
2233 4482 2296 4528 non

850 4602 922 4649 raro
944 4601 979 4648 re
1002 4581 1168 4648 concinere
1190 4581 1298 4647 uerbis
1312 4580 1495 4666 discrepare
1510 4581 1611 4649 codex
1625 4601 1677 4648 me
1692 4582 1810 4649 docuit.
1850 4583 1962 4666 Itaque
1977 4583 2012 4648 in
2026 4581 2104 4649 locis
2120 4581 2297 4667 desperatis

850 4702 949 4768 malui
971 4701 1065 4767 nimis
1088 4702 1236 4782 incertas,
1262 4721 1343 4784 quae
1367 4701 1487 4786 passim
1508 4711 1735 4789 apparuerunt,
1762 4703 1938 4770 litterarum
1960 4703 2090 4768 umbras
2112 4702 2146 4767 in
2168 4701 2295 4770 schedis

850 4823 1002 4904 retinere,
1034 4843 1075 4888 ne
1103 4820 1180 4904 quid
1209 4821 1363 4888 insidiose
1392 4829 1448 4887 aut
1476 4821 1631 4890 fallaciter
1658 4822 1848 4908 proferrem,
1880 4821 1970 4890 cuius
1999 4822 2117 4890 indici0
2147 4822 2296 4889 simulato

852 4942 924 5008 freti
947 4941 1002 5007 alii
1024 4941 1216 5027 praecipites
1238 4941 1271 5006 in
1295 4941 1494 5018 coniectandi
1516 4943 1690 5028 perieulum
1713 4943 1881 5010 ferrentur.

937 5063 1108 5146 Postquam
1137 5061 1234 5146 igitur
1261 5060 1317 5128 diu
1347 5062 1543 5146 multumque
1572 5063 1730 5142 dubitaui,
1765 5069 1870 5128 utrum
1900 5060 1992 5127 huius
2015 5047 2130 5146 operae
2158 5062 2294 5129 fructum

852 5183 1083 5268 supplementis
1116 5183 1160 5248 ad
1188 5181 1460 5266 Boeckingianum
1489 5183 1710 5279 apographum
1737 5181 1894 5248 addendis
1923 5202 1965 5246 an
1994 5199 2077 5247 nouo
2109 5182 2294 5267 apographo

921 5377 940 5436 ⁸]
963 5371 1041 5426 Conf.
1062 5371 1093 5425 P.
1114 5371 1251 5440 Kruegeri
1276 5369 1433 5425 »Kritische
1452 5371 1580 5426 versuche
1598 5371 1634 5424 im
1651 5369 1759 5440 gebiete
1779 5369 1827 5424 des
1846 5369 2014 5425 roemischen
2032 5370 2138 5424 recha«
2166 5369 2294 5429 [Berolini

854 5459 928 5525 Isso)
949 5475 1010 5529 pag.
1030 5459 1071 5510 13.
