5306 6686
957 601 1224 650 *XIX-¹·

367 882 678 970 comprehenderem,
701 889 733 950 et
754 883 843 949 illu'm
866 883 993 948 modum
1015 882 1224 967 perlongum
1246 889 1373 967 tempus
1395 881 1542 969 praemli,
1568 881 1697 948 tandem
1719 882 1753 948 in
1776 901 1814 948 eo

368 1003 451 1087 quod
474 1002 541 1071 iere
568 1004 777 1088 probaueram
800 1004 933 1070 consilio
959 1023 1148 1088 permanere
1176 1023 1239 1069 non
1261 1003 1361 1088 potui.
1408 1003 1521 1086 ltaque
1543 1002 1814 1069 admonitionibus

367 1124 558 1207 amicorum,
591 1123 778 1208 quibuscum
805 1143 910 1209 pauca
936 1107 1020 1208 quae
1049 1125 1233 1190 inuenerem
1263 1143 1321 1208 per
1343 1143 1505 1190 sermones
1528 1125 1588 1189 uel
1603 1143 1661 1208 per
1688 1121 1814 1189 litteras

368 1245 687 1326 communicandam,
714 1245 883 1311 obsecutus
904 1263 992 1310 snm:
1019 1229 1052 1309 hi
1074 1244 1160 1310 enirn
1181 1238 1337 1330 postulari
1359 1264 1379 1310 a
1401 1263 1452 1310 me
1474 1245 1528 1309 nel
1549 1244 1655 1328 potius
1676 1241 1813 1328 flagitari

367 1385 485 1430 nouum
507 1364 725 1450 apographum
757 1365 1006 1432 adseuerabant:
1038 1364 1224 1450 apographo
1254 1371 1360 1431 autem
1388 1385 1452 1431 non
1481 1364 1711 1450 supplementis
1740 1363 1813 1430 ideo

366 1504 447 1570 opus
470 1505 552 1568 esse,
578 1505 619 1552 ne
641 1504 723 1568 quae
745 1483 815 1570 ipse
837 1485 995 1552 laboriose
1018 1486 1201 1570 expiscatus
1217 1505 1335 1562 essem,
1360 1507 1381 1550 a
1402 1485 1580 1569 legentibus
1603 1505 1675 1550 cum
1697 1483 1813 1550 sudore

367 1604 597 1690 acciperentur.
648 1604 772 1683 Quibus
800 1605 1068 1672 admonitionibus
1097 1605 1125 1672 si
1155 1626 1218 1671 non
1247 1612 1283 1671 ut
1311 1606 1383 1690 plus
1413 1605 1535 1670 uiribus
1556 1606 1698 1670 ualerem
1728 1612 1814 1670 certe

367 1733 402 1790 ut
424 1725 528 1791 minus
551 1726 694 1792 timerem
717 1725 864 1791 effectum
887 1731 945 1791 est.
986 1727 1056 1791 Iam
1080 1747 1120 1792 ex
1142 1726 1256 1792 itinere
1273 1725 1385 1793 Italico
1413 1725 1523 1793 reduci
1552 1725 1637 1791 iacto
1665 1725 1812 1809 princeps

367 1852 399 1910 et
421 1853 530 1912 auctor
559 1844 636 1911 milri
666 1852 735 1913 erat
761 1847 852 1930 regia
873 1846 1038 1912 academia
1059 1846 1231 1913 Borussica
1252 1847 1295 1912 ad
1323 1866 1441 1911 nouum
1463 1846 1683 1931 apographum
1706 1845 1813 1910 diuul-

364 1965 523 2050 gandum,
558 1987 641 2049 quae
669 1973 701 2032 et
727 1965 801 2051 ipsa
829 1965 969 2034 adiutrix
998 1961 1076 2032 mihi
1105 1966 1209 2033 extitit
1230 1966 1273 2032 ad
1294 1966 1527 2052 propulsandas
1550 1965 1578 2031 si
1601 1986 1682 2048 quae
1705 1972 1813 2031 essent

366 2085 582 2152 difficultates.
630 2086 722 2164 Quod
752 2105 866 2164 munus
895 2103 966 2152 cum
994 2085 1068 2152 ideo
1097 2087 1175 2152 mihi
1203 2087 1385 2171 impositum
1408 2105 1479 2153 esse
1502 2086 1742 2171 cognouissem,
1772 2081 1826 2151 nc'

366 2205 462 2274 etiam
484 2213 580 2291 atque
603 2207 700 2273 etiam
722 2205 827 2298 dubiis
850 2206 1038 2272 coniecturis
1060 2207 1280 2273 immutaretur
1301 2213 1468 2274 contextus
1492 2206 1651 2286 Gaianas,
1682 2204 1812 2290 promisi

364 2327 399 2391 in
421 2346 533 2410 meque
555 2327 661 2412 recepi
683 2346 778 2410 quam
807 2327 997 2394 breuissimo
1025 2333 1168 2412 tempore
1191 2327 1307 2394 Gaium
1331 2327 1451 2394 editum
1473 2327 1524 2393 iri.
1571 2327 1640 2394 Neo
1670 2324 1812 2411 profecto

365 2453 431 2512 tam
453 2445 565 2512 odiosa
586 2447 870 2531 procrastinatione
889 2445 1082 2513 distulissem
1104 2447 1188 2513 huno
1209 2448 1361 2527 laborem,
1387 2447 1415 2513 si
1438 2447 1516 2514 mihi
1539 2448 1638 2514 ullum
1661 2447 1812 2512 tributum

365 2574 451 2634 esset
472 2587 610 2634 uacuum
633 2574 758 2652 tempus
781 2573 814 2634 et
835 2567 981 2633 liberum.

338 2678 341 2683 ’
453 2687 596 2754 Gratiam
619 2694 736 2764 autem,
762 2695 914 2771 quantam
936 2688 1108 2754 maximam
1130 2689 1256 2754 animus
1279 2665 1394 2772 capere
1420 2694 1540 2772 potest,
1574 2688 1675 2754 debeo
1704 2687 1813 2772 regiae

365 2809 550 2875 academiae
577 2808 784 2892 Borussioae,
823 2809 914 2875 cuius
941 2809 1030 2875 iussu
1065 2809 1098 2874 in
1133 2809 1244 2874 inolita
1273 2808 1507 2874 Haerteliorum
1540 2807 1812 2894 typographorum

365 2929 582 3015 Lipsiensium
610 2927 740 2994 officina
769 2929 812 2994 ad
842 2931 1024 3015 exemplum
1052 2929 1208 3014 singulari
1238 2928 1452 3014 photographi
1481 2927 1614 2995 artificio
1642 2921 1811 3014 'exceptum

365 3051 439 3116 noui
467 3050 538 3136 typi
567 3049 703 3116 coniecti
732 3057 817 3116 sunt.
857 3049 1075 3128 Quibuscum
1103 3049 1212 3116 media
1240 3049 1397 3134 quaedam
1425 3050 1507 3116 inter
1533 3057 1701 3134 utramque
1731 3068 1813 3133 quae

363 3171 397 3238 in
432 3170 544 3237 codiee
579 3168 827 3255 deprehenditur
861 3179 1017 3251 manum·)
1058 3169 1160 3237 forma
1195 3170 1405 3256 exprimenda
1439 3178 1540 3247 esset,
1578 3169 1646 3236 lere
1672 3169 1814 3254 cogitata

365 3291 487 3375 species
510 3298 542 3357 et
563 3296 725 3375 tamquam
748 3291 924 3357 tractabilis
946 3291 1053 3375 imago
1075 3291 1144 3357 eius
1167 3291 1344 3376 scripturae
1365 3291 1479 3357 effecta
1501 3297 1567 3372 est,
1592 3310 1656 3373 qua
1682 3291 1812 3357 saeculo

365 3433 398 3497 p.
424 3410 499 3477 Chr.
525 3431 557 3475 n.
583 3411 693 3494 quinto
714 3410 826 3496 optimi
849 3409 1041 3497 calligraphi
1064 3411 1215 3477 uidentur
1236 3412 1287 3477 usi
1310 3431 1394 3478 esse.
1434 3411 1547 3477 Moneo
1562 3411 1658 3494 igitur
1673 3409 1807 3494 litteras,

364 3531 480 3615 quibus
512 3529 573 3596 hoo
602 3530 821 3616 apographum
857 3551 1042 3616 expressum
1073 3532 1131 3615 sit,
1170 3533 1268 3618 paulo
1297 3531 1506 3616 elegantiores
1536 3538 1568 3598 et
1597 3532 1813 3598 constantiore

365 3651 467 3718 forma
487 3650 632 3735 insignes
654 3670 845 3736 essequam
867 3671 922 3719 eas
945 3652 1060 3736 quihus
1081 3653 1116 3719 in
1137 3652 1209 3738 ipso
1232 3652 1339 3719 codice
1362 3651 1487 3718 Gaiano
1510 3652 1560 3717 usi
1583 3651 1647 3718 sint
1668 3651 1808 3717 librarii:

365 3771 424 3838 has
441 3771 524 3836 enirn
544 3770 638 3836 modo
653 3772 819 3856 paululum
834 3770 977 3839 declines
1000 3792 1073 3840 erse
1088 3771 1181 3839 modo
1197 3773 1334 3840 acclines
1357 3779 1389 3838 et
1411 3791 1495 3856 quac
1517 3772 1603 3858 typis
1625 3771 1812 3838 fidelissime

364 3891 508 3959 redditae
530 3890 718 3976 adspectum
740 3891 915 3958 deformem
938 3892 1106 3960 habiturae
1128 3893 1204 3960 sint.
1243 3892 1377 3959 Accedit
1398 3892 1483 3977 quod
1504 3892 1538 3958 in
1561 3891 1712 3960 extremis
1739 3911 1812 3959 uer-

365 4013 454 4079 sibus
487 4012 664 4080 litterarum
700 4010 834 4078 formam
870 4012 990 4080 sensim
1021 4013 1207 4080 minuebant
1235 4013 1372 4094 librarii3
1407 4012 1590 4098 quodcum
1619 4012 1811 4098 typographi

367 4139 515 4199 accurate
537 4131 655 4197 imitari
682 4152 746 4198 non
774 4133 949 4218 potuerint,
982 4133 1025 4200 ad
1050 4131 1213 4219 perfectae
1239 4133 1428 4200 imitationis
1457 4133 1584 4200 landem
1612 4134 1810 4217 aliquantum

365 4254 478 4320 deesse
506 4251 654 4318 concedo.
694 4253 745 4318 An
774 4253 942 4337 qnisquam
973 4273 1072 4320 sanus
1105 4274 1144 4320 ea
1174 4259 1242 4321 arte
1275 4272 1405 4338 prorsus
1434 4252 1572 4320 fideliter
1602 4253 1811 4339 multiplicem

364 4375 628 4440 lineamentorum
663 4379 696 4438 et
723 4378 869 4439 notarum
898 4373 995 4456 (uelut
1025 4377 1055 4454 ἶ,
1087 4378 1125 4455 J,
1158 4377 1185 4456 9
1217 4375 1293 4460 etc.)
1325 4373 1513 4440 uarietatem
1549 4373 1685 4458 exprimi
1716 4392 1811 4458 posse

364 4493 497 4560 credat?
540 4495 624 4559 Raro
650 4491 765 4559 litteris
796 4493 830 4558 in
858 4493 1022 4578 plumbum
1050 4494 1160 4588 incisis
1189 4494 1376 4580 corrigentis
1406 4515 1520 4560 manus
1548 4493 1721 4578 imaginem
1754 4514 1812 4559 ex-

365 4634 511 4700 pressam
533 4614 586 4681 nel
608 4615 724 4680 saltem
747 4613 967 4679 adumbratam
990 4614 1091 4680 oculis
1113 4615 1287 4699 legentium
1310 4613 1431 4682 subieci
1461 4616 1558 4698 [uelut
1579 4635 1656 4700 pag.
1684 4617 1713 4696 2,
1740 4614 1806 4699 23),

365 4741 505 4801 anamen
527 4735 678 4801 ductuum
701 4734 879 4818 aequalitas
902 4733 1030 4819 dilapsa
1051 4735 1144 4817 qnasi
1166 4735 1292 4819 corruit,
1318 4743 1354 4802 ut
1376 4735 1511 4803 claudae
1533 4736 1641 4823 potius
1662 4733 1812 4818 gibbero-

366 4875 486 4939 saeque
514 4876 609 4939 quam
641 4856 796 4939 aequales
831 4873 903 4920 esse
931 4854 1059 4922 litterae
1087 4855 1270 4922 uiderentur
1306 4856 1405 4934 (uelut
1434 4858 1465 4934 3,
1502 4859 1564 4934 16};
1598 4855 1706 4939 itaque
1733 4853 1811 4922 alibi

367 4975 501 5043 Gaianis
523 4975 612 5062 typis
634 4975 856 5042 minutioribus
877 4995 955 5042 usus
978 4995 1049 5041 sum
1070 4975 1114 5041 ad
1137 4976 1320 5042 correctoris
1342 4975 1494 5058 reliquias
1516 4973 1709 5041 reddendas.

452 5095 624 5162 Foramina
644 5094 705 5161 hoc
727 5095 819 5179 signo
841 5101 893 5156 lllll
915 5095 1084 5180 descripsi.
1123 5097 1184 5162 Pro
1206 5096 1253 5160 eis
1277 5095 1402 5180 litteris,
1428 5115 1561 5179 quarum
1591 5095 1685 5162 lectio
1713 5095 1810 5162 nimis

436 5355 456 5417 ⁸)
478 5353 503 5406 A
525 5353 631 5406 duobus
650 5352 722 5407 enirn
742 5352 862 5406 librariis
881 5351 1002 5406 codicem
1021 5351 1156 5407 Gaianum
1176 5353 1306 5424 scripturn
1325 5353 1413 5407 uideri
1432 5353 1488 5407 dixi
1506 5370 1568 5424 pag.
1590 5355 1648 5406 25³.
