5344 6682
688 1755 991 1887 INDEX
1026 1751 1502 1884 NOTARVM.

462 2215 611 2324 Iudicem
633 2266 789 2333 notarum,
813 2275 894 2339 quae
917 2257 948 2321 in
972 2257 1042 2322 Gaii
1065 2257 1296 2324 institutionum
1318 2258 1398 2322 libro
1413 2257 1586 2322 Veronensi
1608 2256 1814 2342 reperiuntur,

375 2400 499 2446 summa
519 2378 685 2461 diligentia
706 2376 881 2442 consectum
900 2379 926 2442 Ι.
945 2377 982 2441 F.
1000 2379 1037 2442 L.
1057 2377 1220 2442 Goeschen
1243 2377 1371 2444 editioni
1394 2398 1415 2442 a
1436 2397 1471 2443 se
1492 2384 1619 2443 curatae
1640 2377 1814 2458 adiecerut;

376 2521 446 2566 cum
475 2507 581 2566 tamen
614 2498 803 2564 membranis
833 2498 935 2564 denuo
964 2519 985 2562 a
1014 2517 1064 2563 me
1091 2497 1215 2563 collatis
1237 2497 1413 2564 Goescheni
1435 2497 1532 2564 index
1554 2499 1715 2582 permultis
1738 2499 1817 2564 locis

376 2618 579 2704 corrigendus
606 2625 707 2698 esset,
740 2619 809 2702 ipse
836 2637 965 2702 prorsus
993 2637 1109 2683 nouum
1132 2619 1270 2683 omnium
1294 2618 1466 2702 scripturae
1489 2619 1742 2702 compendiorum
1765 2619 1816 2684 in-

376 2742 477 2807 dicem
506 2743 552 2806 ita
579 2739 757 2823 composui,
787 2746 822 2805 ut
849 2739 962 2804 tacitus
992 2738 1194 2822 corrigerem,
1226 2738 1326 2804 sicubi
1353 2759 1373 2802 a
1403 2739 1642 2804 Gocscheniano
1672 2741 1816 2824 exemplo

375 2843 586 2928 resedendum
608 2859 677 2924 tuit.
725 2858 795 2936 Quo
816 2859 849 2924 in
872 2859 1087 2942 componendo
1110 2878 1171 2923 non
1200 2878 1250 2923 me
1279 2859 1418 2943 paenitet
1447 2859 1530 2940 quod
1559 2859 1653 2924 etiam
1684 2859 1816 2944 pusillas

377 2983 549 3066 scripturae
571 2979 720 3045 minutias
742 2978 878 3044 attendi:
908 2978 1020 3044 harum
1042 2979 1125 3044 enim
1148 2999 1209 3062 ope
1230 2978 1347 3043 lactum
1369 2985 1429 3058 est,
1455 2985 1488 3044 ut
1509 2979 1550 3044 ab
1572 2981 1670 3045 altero
1692 2979 1818 3045 librario

377 3104 473 3168 libros
495 3101 630 3186 primum
654 3100 826 3166 secundum
848 3100 990 3178 tertium,
1015 3099 1056 3163 ab
1077 3098 1176 3164 altero
1198 3105 1343 3181 quartum
1366 3099 1514 3184 scriptum
1538 3119 1609 3166 esse
1631 3107 1815 3185 appareret;

378 3223 417 3288 de
445 3243 507 3304 qua
530 3242 563 3287 re
586 3221 693 3286 confer
721 3241 801 3304 quac
830 3221 974 3337 inprimis
1002 3219 1045 3284 ad
1073 3223 1182 3304 tsi:
1204 3241 1294 3296 nom,
1329 3223 1433 3304 9--
1456 3243 1567 3304 quom,
1604 3221 1816 3304 q1=qoia

381 3349 477 3428 Qu:
493 3341 585 3426 quod,
609 3361 667 3406 nec
689 3361 751 3405 non
774 3341 815 3405 ad
834 3347 934 3405 N:
891 3363 1039 3411 -,ιιιιιιι
1066 3305 1161 3428 Q:
1182 3361 1293 3423 quom,
1326 3338 1469 3427 QX:
1427 3342 1578 3426 -quio,
1605 3346 1701 3427 9-
1723 3343 1817 3424 quod,

380 3469 537 3526 cul:
560 3485 657 3539 cretus,
686 3440 840 3523 bul:
856 3461 961 3538 buius,
988 3443 1131 3548 Qss·=
1153 3461 1276 3544 quados,
1301 3462 1466 3524 8=sed
1482 3459 1644 3527 aduolaui.
1684 3461 1794 3527 Cum'
1785 3481 1818 3525 ru

378 3583 569 3648 membranis
591 3583 752 3667 rescriptis
774 3589 917 3646 notarum
940 3583 1112 3665 particulae
1134 3581 1253 3666 passim
1269 3581 1508 3666 Hieronymiani
1530 3588 1694 3647 contextos
1716 3581 1820 3647 ducti-

379 3705 437 3769 bus
466 3704 607 3768 obteotae
636 3703 750 3786 dispici
780 3723 843 3768 non
872 3703 1029 3788 potuerint
1056 3709 1088 3767 et
1115 3703 1284 3786 praecipue
1313 3701 1447 3767 lineolae
1477 3709 1509 3768 et
1537 3709 1672 3786 puncta,
1707 3702 1819 3784 quibus

379 3825 497 3890 notatio
527 3821 697 3905 significari
727 3824 823 3899 solet,
853 3824 980 3907 saepius
1008 3843 1071 3886 non
1099 3823 1318 3908 apparuerint,
1350 3821 1456 3887 multis
1484 3822 1561 3888 locis
1589 3823 1740 3888 incertum
1771 3829 1820 3888 est

380 3953 483 4009 utrum
505 3942 640 4008 lineolae
662 3951 819 4026 punotaue
834 3943 944 4008 addita
964 3943 1082 4008 fuerint
1102 3961 1210 4008 necne.
1251 3943 1362 4026 Neque
1382 3949 1567 4027 punctorum
1582 3943 1818 4008 collocationem

379 4065 412 4129 in
441 4065 500 4128 boc
523 4063 628 4128 iudice
650 4063 843 4129 conficiendo
865 4063 1048 4146 diligentius
1074 4063 1198 4140 curaui,
1231 4063 1347 4147 quippe
1369 4081 1449 4146 quae
1472 4063 1670 4130 librariorum
1691 4062 1819 4128 arbitrio

380 4185 473 4251 modo
503 4184 545 4249 ad
575 4183 656 4248 imas
679 4184 836 4249 modoad
865 4184 987 4249 medias
1009 4183 1102 4249 modo
1125 4182 1166 4248 ad
1189 4201 1328 4248 summas
1350 4183 1472 4248 litteras
1494 4183 1655 4268 adscripta
1677 4184 1751 4248 sint.
1780 4221 1816 4231 -

380 4305 452 4370 Non
468 4304 573 4388 recepi
593 4304 625 4367 in
649 4303 732 4368 bunc
747 4303 883 4368 indicem
899 4302 1085 4388 compendia
1100 4322 1310 4379 numerorum,
1336 4323 1416 4385 quac
1432 4323 1502 4368 cum
1519 4304 1647 4386 uulgato
1662 4303 1818 4369 scribendi

380 4425 474 4489 modo
496 4424 679 4502 concinunt;
703 4429 851 4489 notantur
871 4424 968 4507 igitur
989 4425 1108 4489 numeri
1131 4423 1248 4489 additis
1271 4424 1454 4507 plerumque
1476 4425 1600 4489 lineolis
1621 4427 1725 4508 ,snpra
1748 4444 1820 4488 ner-

381 4549 459 4626 sum]
487 4551 518 4610 et
549 4544 675 4628 punctis
704 4547 783 4628 [post
810 4547 981 4627 numeros).
1034 4542 1153 4608 Addidi
1183 4551 1287 4608 tamen
1316 4543 1382 4608 suis
1410 4544 1487 4608 locis
1515 4545 1681 4628 plerasque
1712 4565 1819 4609 earum

381 4664 647 4749 corruptelarum,
679 4685 760 4746 quae
790 4684 888 4748 praue
915 4665 1083 4730 intellectis
1111 4665 1162 4729 uel
1190 4663 1271 4728 inter·
1300 4683 1335 4729 se
1365 4656 1550 4748 permutatis
1572 4665 1655 4729 notis
1677 4672 1765 4730 ortae
1787 4665 1819 4728 in

382 4786 553 4870 scripturae
578 4785 767 4850 Veronensis
789 4793 968 4850 contentum
991 4784 1155 4869 irrepsisse
1178 4784 1335 4849 uidentur.

466 4905 568 4970 Index
590 4913 734 4971 notarum
758 4905 950 4971 Gaianarum
973 4907 1107 4971 maiores
1129 4905 1315 4989 paginarum
1339 4905 1506 4970 laterculos
1528 4911 1675 4990 oocupat;
1701 4905 1819 4989 primus

381 5045 529 5091 numerus
551 5025 702 5110 paginam
725 5025 842 5090 codicis
864 5027 1033 5110 siguificat,
1058 5033 1224 5109 sequentes
1246 5026 1367 5090 numeri
1390 5045 1499 5091 uersus
1522 5025 1673 5091 indicant.

335 5155 369 5217 F
468 5147 503 5210 In
533 5146 706 5211 minoribus
728 5145 914 5230 paginarum
938 5148 1097 5213 laterculis
1119 5165 1227 5212 omnes
1250 5152 1340 5211 notas
1363 5147 1542 5230 composui,
1574 5167 1655 5229 quae
1678 5146 1710 5210 in
1733 5145 1819 5228 frag-

383 5274 485 5332 mento
509 5267 565 5330 Du
589 5266 688 5330 IVRE
711 5267 823 5330 FISCI
846 5268 1018 5333 Veronensi
1041 5289 1061 5332 a
1082 5269 1181 5332 Paulo
1204 5265 1347 5350 Kruegcr
1368 5265 1485 5350 optime
1506 5266 1630 5351 depicto
1657 5267 1820 5352 reperiun-

382 5397 443 5465 tur,
469 5389 502 5449 F
518 5387 623 5451 littera
645 5385 849 5470 significatas.
893 5388 1032 5453 Iudicem
1055 5395 1198 5453 notarum
1220 5405 1312 5469 quem
1337 5385 1479 5468 Kruegcr
1500 5387 1630 5452 editioni
1653 5385 1820 5470 fragmenti
