5306 6686
369 940 436 984 rum
465 939 525 984 nec
553 919 631 984 satis
658 919 842 985 uolubilium
872 927 937 984 tam
966 919 1106 984 difficilis
1134 919 1219 984 lectu
1250 925 1314 1000 cst,
1337 926 1381 985 :ut
1407 919 1439 984 id
1469 918 1554 1001 quod
1583 938 1716 984 conarer
1743 919 1813 1003 ipsc

369 1039 497 1123 saepius
527 1039 761 1123 desperauerim
791 1061 841 1105 me
872 1039 1022 1122 consequi
1051 1059 1157 1124 posse.
1204 1037 1340 1106 Omnino
1370 1045 1474 1104 autem
1499 1039 1526 1104 si
1549 1038 1675 1122 quando
1697 1039 1756 1104 tiro
1779 1039 1812 1103 in

368 1160 608 1244 palimpsestum
636 1159 908 1244 incidas‚-prim0
938 1161 1046 1226 obtutu
1070 1161 1200 1225 uerbum
1229 1179 1356 1243 prorsus
1384 1159 1506 1223 nullum
1529 1142 1587 1224 uel
1610 1159 1810 1225 millesimam

368 1287 487 1364 partem
502 1279 558 1345 uix
579 1281 767 1363 intellegas:
793 1301 867 1345 nam
883 1280 936 1345 ubi
952 1282 1091 1346 culmina
1112 1282 1282 1364 apicesque
1305 1279 1479 1345 litterarum
1502 1279 1626 1354 uideas,
1653 1301 1716 1346 non
1739 1281 1811 1347 ideo

367 1403 470 1466 cernis
493 1401 660 1466 uocabula.

453 1521 527 1607 lpse
550 1540 658 1586 mense
674 1521 759 1586 Maio
781 1522 856 1586 anni
882 1523 961 1586 1866
985 1522 1072 1586 iussu
1095 1521 1278 1587 academiae
1301 1522 1475 1587 litterarum
1499 1523 1607 1604 regiae
1622 1522 1811 1590 Borussicae

368 1640 522 1707 Veronam
549 1642 632 1719 adii,
663 1648 830 1726 postquam
855 1641 969 1706 Gaium
998 1661 1095 1725 saepe
1125 1661 1163 1707 ac
1193 1643 1332 1707 studiose
1359 1642 1501 1707 lectitari
1531 1647 1562 1706 ct
1583 1641 1755 1708 Mediolani
1778 1644 1811 1708 in

367 1761 558 1826 bibliotheca
579 1762 791 1827 Ambrosiana
814 1781 873 1826 nec
895 1782 957 1827 non
980 1763 1099 1828 Romae
1121 1762 1154 1827 in
1175 1761 1332 1828 Vaticana
1354 1763 1532 1846 complures
1554 1762 1650 1828 libros
1673 1763 1810 1848 rescrip-

366 1889 415 1946 tos
438 1881 576 1964 legendo
597 1882 749 1966 percurri.
796 1881 998 1965 Palimpsesti
1019 1882 1103 1946 enim
1126 1883 1216 1966 quasi
1240 1890 1325 1948 cotes
1349 1889 1422 1948 sunt
1444 1882 1624 1958 oculorum,
1657 1884 1712 1966 qui
1735 1883 1810 1948 dnm

365 2001 461 2068 adfixi
483 2002 660 2068 adhaerent
681 2002 882 2083 membranis,
912 2002 984 2085 plus
1007 2001 1050 2066 ad
1072 2001 1285 2085 dispiciendas
1309 2001 1482 2066 litterarum
1506 2003 1633 2068 umbras
1660 2004 1810 2069 momenti

366 2121 471 2188 adfert
493 2123 674 2188 exercitatio
696 2143 792 2206 quam
815 2131 939 2187 natura.
987 2121 1051 2187 Sed
1073 2122 1196 2188 accedit
1218 2123 1321 2187 aliud:
1355 2123 1454 2188 oculis
1478 2123 1562 2187 enim
1585 2123 1734 2188 librorum
1758 2144 1810 2190 re-

320 2315 323 2324 ,
365 2242 552 2326 scriptorum
575 2243 686 2308 ductus
708 2263 771 2309 non
794 2243 1011 2327 percipiuntur
1033 2242 1095 2306 nisi
1124 2242 1286 2308 recondita
1308 2243 1444 2325 quadam
1468 2243 1588 2308 ratione
1611 2263 1649 2308 ac
1673 2244 1705 2308 ui
1728 2265 1808 2328 qua-

365 2362 439 2428 dam
462 2364 560 2428 animi
583 2363 747 2430 diuinante
769 2368 801 2428 et
823 2364 995 2442 sentiente;
1027 2381 1194 2446 quequae
1216 2363 1347 2429 inuenta
1369 2370 1399 2428 et
1421 2364 1600 2447 excogitata
1623 2371 1706 2444 sunt,
1733 2385 1810 2430 con-

364 2483 487 2548 firmata
508 2483 659 2567 deinceps
682 2483 910 2568 dignoscuntur
932 2483 1041 2550 oculis.
1089 2483 1139 2547 Ita
1159 2481 1203 2562 fit,
1230 2490 1265 2547 ut
1286 2482 1369 2548 oculi
1392 2483 1462 2548 sinc
1484 2481 1699 2563 diuinaticnc,
1725 2484 1809 2551 diui-

365 2604 450 2670 natio
479 2605 548 2670 sine
576 2590 675 2669 oculis
704 2603 783 2668 nibil
812 2604 963 2687 proficere
994 2604 1106 2688 possit.
1159 2595 1227 2668 Nec
1253 2623 1325 2680 raro
1355 2603 1409 2668 ubi
1432 2623 1514 2686 quae
1544 2604 1704 2669 inanimo
1727 2605 1809 2670 inest

364 2725 555 2808 praesagitio
576 2726 684 2790 oculos
706 2723 918 2809 praestrinxit,
946 2724 1051 2790 denuo
1073 2725 1216 2808 inspecto
1232 2723 1339 2789 codiee
1355 2722 1489 2800 dubites,
1512 2731 1616 2789 utrum
1639 2725 1695 2790 illa
1711 2726 1809 2791 uerba

351 2855 403 2910 'an
432 2851 579 2930 portenta
612 2845 685 2922 sint,
719 2863 800 2927 quae
822 2845 900 2927 olim
927 2844 1104 2910 litterarum
1126 2844 1266 2928 uestigia
1288 2845 1407 2910 rimans
1431 2844 1616 2929 conspicere
1639 2845 1697 2909 tlbi
1719 2846 1807 2911 uisus

365 2967 421 3032 sis.
468 2965 593 3031 Deinde
616 2965 711 3030 lectio
734 2964 853 3048 pcndct
874 2983 914 3029 ex
938 2964 1118 3030 adcretione
1141 2971 1173 3030 ct
1194 2964 1402 3031 diminutione
1422 2964 1506 3029 solis
1529 2964 1714 3044 meridiani;
1748 2987 1810 3048 quo

365 3085 456 3152 modo
486 3094 570 3151 recte
599 3084 693 3151 modo
722 3086 849 3168 oblique
878 3086 983 3151 oblato
1014 3091 1045 3149 et
1072 3097 1310 3168 nonnumquam
1345 3086 1429 3150 limis
1465 3093 1615 3171 spectans
1644 3093 1810 3170 pactorum

334 3249 336 3254 -
365 3206 458 3272 modo
487 3225 550 3290 quo
578 3206 699 3270 diutius
728 3206 762 3270 in
790 3205 1008 3290 palimpsestis
1031 3204 1177 3288 legendis
1200 3213 1345 3273 uersatus
1369 3207 1448 3286 eris,
1483 3225 1521 3272 eo
1544 3206 1668 3272 felicior
1690 3207 1753 3272 eris
1775 3207 1809 3271 in

366 3325 617 3393 intcmcscendis
640 3326 815 3390 litterarum
838 3324 1021 3391 trabienlis:
1053 3345 1127 3391 nam
1152 3327 1279 3410 saepius
1302 3326 1358 3392 ubi
1378 3329 1484 3411 ipsum
1507 3334 1718 3421 atramentum
1742 3325 1809 3392 fere

365 3456 462 3514 totum
486 3445 618 3512 euanuit
641 3451 673 3511 et
694 3465 734 3510 ne
758 3445 939 3511 fortissimis
961 3445 1089 3528 quidem
1112 3445 1353 3512 medicamentis
1380 3446 1532 3512 adhibitis
1556 3447 1698 3512 eminens
1721 3449 1808 3514 litte-

365 3589 470 3633 rarum
499 3567 622 3650 effigies
645 3566 829 3632 resuscitari
852 3572 973 3650 potest,
1006 3567 1159 3631 memoria
1182 3567 1357 3632 litterarum
1382 3567 1617 3652 deperditamm
1641 3577 1673 3633 ct
1695 3568 1809 3636 adnm-

364 3689 456 3752 brata
484 3687 593 3769 imago
621 3692 767 3770 superest
795 3678 945 3752 tenuibus
968 3687 1064 3752 sulcis
1087 3687 1120 3752 in
1143 3687 1329 3752 membrana
1351 3695 1500 3768 seruata3
1529 3689 1562 3754 ui
1585 3688 1669 3754 enirn
1693 3689 1807 3754 calami

365 3809 551 3875 membrana
572 3806 762 3890 imprimitur
783 3825 845 3871 non
868 3805 965 3871 nimio
981 3826 1072 3873 secus
1091 3827 1128 3872 ac
1143 3827 1226 3874 cera.
1267 3808 1399 3873 Accedit
1413 3808 1549 3890 denique
1565 3808 1650 3891 quod
1664 3817 1809 3893 prompto

366 3950 491 4014 semper
519 3927 562 3993 ad
590 3926 799 3992 diuinandum
826 3926 933 3992 animo
961 3947 1039 4010 opus
1069 3933 1134 3994 est:
1172 3947 1210 3993 eo
1244 3928 1329 3993 enim
1355 3929 1426 4013 ipso
1454 3928 1605 4013 temporis
1634 3936 1804 4012 momento,

364 4069 424 4132 quo
437 4041 594 4113 ¹Phoebus
616 4046 708 4127 ridet,
734 4046 967 4131 periclitandae
989 4027 1063 4113 sunt
1084 4047 1169 4112 uires
1191 4047 1328 4132 ingenii;
1360 4048 1474 4130 quodsi
1495 4023 1690 4132 aliquamdiu
1712 4070 1808 4116 cunc-

363 4177 447 4235 tatus
471 4168 551 4250 eris,
585 4167 711 4232 amittes
735 4166 938 4234 discernendi
967 4167 1162 4248 facultatem,
1197 4168 1224 4232 si
1248 4168 1342 4233 nimis
1365 4169 1596 4254 properaueris,
1627 4190 1690 4235 non
1712 4169 1808 4235 adsc-

363 4289 486 4372 queris3
513 4289 557 4352 ita
579 4287 626 4368 fit,
650 4296 684 4351 ut
706 4307 779 4352 cum
802 4287 920 4353 sensim
944 4287 1086 4352 dissuere
1109 4289 1245 4354 obscura
1265 4287 1447 4372 fragmenta
1468 4290 1644 4356 litterarum
1667 4297 1700 4354 ct
1721 4301 1808 4356 com·-

363 4429 479 4493 ponere
509 4409 562 4473 uel
591 4407 767 4492 interrupta
797 4414 965 4473 contexere
993 4427 1149 4490 nequeas,
1187 4407 1361 4474 uerendum
1395 4409 1452 4490 sit,
1489 4429 1529 4474 ne
1558 4409 1593 4474 in
1620 4430 1682 4476 non
1711 4411 1808 4475 nullis

362 4529 516 4608 haerens,
554 4547 637 4611 quac
665 4534 751 4594 certo
784 4528 963 4612 disperisse
993 4527 1050 4594 tibi
1079 4527 1228 4607 uideare,
1265 4537 1394 4613 repente
1423 4530 1591 4613 praecidas
1621 4530 1717 4596 totins
1747 4531 1807 4598 lcci

361 4649 568 4733 intellegendi
591 4648 786 4716 facultatem.

448 4767 512 4836 Sed
539 4775 574 4834 ut
604 4789 642 4834 eo
671 4775 831 4848 reuertar,
872 4767 955 4832 unde
988 4768 1152 4853 digressus
1186 4788 1270 4834 sum:
1311 4771 1469 4836 Veronam
1503 4771 1601 4853 igitur
1632 4770 1805 4856 profectum

361 4890 534 4956 Carolus
562 4909 696 4955 comes
728 4887 910 4954 Giuliari
939 4888 1149 4955 bibliothecae
1178 4890 1363 4974 capitularis
1390 4890 1588 4974 praefectus,
1621 4911 1717 4974 quem
1746 4912 1806 4976 ego

359 5011 505 5097 inprimis
528 5030 601 5076 amo
621 5028 790 5091 carumque
812 5008 925 5088 habeo,
943 5009 1065 5092 insigni
1088 5030 1127 5075 ac
1140 5030 1269 5094 prorsus
1292 5011 1389 5076 unica
1403 5011 1594 5078 liberalitate
1616 5011 1751 5091 adiuuit,
1777 5019 1809 5078 et

361 5131 445 5214 quod
474 5138 570 5197 antea
596 5129 778 5216 petentibus
808 5129 1000 5212 denegatum
1028 5139 1112 5212 crat,
1145 5129 1223 5196 mihi
1253 5131 1414 5214 permisit,
1446 5137 1481 5195 ut
1503 5131 1581 5196 libri
1603 5133 1687 5198 male
1709 5131 1808 5197 habiti

361 5251 529 5316 lectionem
560 5250 662 5316 denuo
691 5249 864 5334 experirer.
911 5251 1022 5332 Itaque
1049 5249 1124 5316 dum
1147 5250 1282 5316 Giuliari
1312 5251 1381 5334 ipse
1404 5271 1522 5334 magna
1551 5273 1623 5318 cum
1646 5253 1808 5318 uoluntate

361 5391 396 5437 se
417 5370 558 5455 adplicat
580 5371 622 5436 ad
645 5370 789 5436 codicum
812 5371 1041 5436 Veronensium
1065 5370 1309 5454 descriptionem
1332 5372 1572 5453 absoluendam,
1602 5393 1661 5456 ego
1683 5372 1809 5456 patien-
