<?xml version="1.0" encoding="UTF-8"?>
<!DOCTYPE html PUBLIC "-//W3C//DTD XHTML 1.0 Transitional//EN"
    "http://www.w3.org/TR/xhtml1/DTD/xhtml1-transitional.dtd">
<html xmlns="http://www.w3.org/1999/xhtml" xml:lang="en" lang="en">
 <head>
  <title>
</title>
<meta http-equiv="Content-Type" content="text/html;charset=utf-8" />
  <meta name='ocr-system' content='tesseract 3.04.00' />
  <meta name='ocr-capabilities' content='ocr_page ocr_carea ocr_par ocr_line ocrx_word'/>
</head>
<body>
  <div class='ocr_page' id='page_1' title='image "./gaiiinstitvtion01studgoog_0024.png"; bbox 0 0 5306 6686; ppageno 0'>
   <div class='ocr_carea' id='block_1_1' title="bbox 967 613 1255 662">
    <p class='ocr_par' dir='ltr' id='par_1_1' title="bbox 967 613 1255 662">
     <span class='ocr_line' id='line_1_1' title="bbox 967 613 1255 662; baseline -0.01 0"><span class='ocrx_word' id='word_1_1' title='bbox 967 629 1019 640; x_wconf 86' lang='grc'><em>····</em></span> <span class='ocrx_word' id='word_1_2' title='bbox 1073 613 1151 662; x_wconf 82' lang='lat' dir='ltr'><strong>xvii</strong></span> <span class='ocrx_word' id='word_1_3' title='bbox 1202 630 1255 642; x_wconf 83' lang='grc'>-</span> 
     </span>
    </p>
   </div>
   <div class='ocr_carea' id='block_1_2' title="bbox 383 892 1921 3506">
    <p class='ocr_par' dir='ltr' id='par_1_2' title="bbox 383 892 1921 3506">
     <span class='ocr_line' id='line_1_2' title="bbox 386 892 1835 980; baseline 0 -21"><span class='ocrx_word' id='word_1_4' title='bbox 386 894 465 960; x_wconf 93' lang='lat' dir='ltr'><strong>uihil</strong></span> <span class='ocrx_word' id='word_1_5' title='bbox 494 894 568 961; x_wconf 91' lang='lat' dir='ltr'><strong>aliis</strong></span> <span class='ocrx_word' id='word_1_6' title='bbox 596 893 700 978; x_wconf 87' lang='lat' dir='ltr'><strong>magis</strong></span> <span class='ocrx_word' id='word_1_7' title='bbox 727 914 778 960; x_wconf 92' lang='lat' dir='ltr'><strong>me</strong></span> <span class='ocrx_word' id='word_1_8' title='bbox 806 893 955 960; x_wconf 88' lang='lat' dir='ltr'><strong>adiuuari</strong></span> <span class='ocrx_word' id='word_1_9' title='bbox 976 892 1063 960; x_wconf 85' lang='lat' dir='ltr'><strong>facili</strong></span> <span class='ocrx_word' id='word_1_10' title='bbox 1089 895 1216 978; x_wconf 87' lang='lat' dir='ltr'><strong>negotio</strong></span> <span class='ocrx_word' id='word_1_11' title='bbox 1237 900 1387 980; x_wconf 86' lang='lat' dir='ltr'><strong>expertus</strong></span> <span class='ocrx_word' id='word_1_12' title='bbox 1410 912 1530 976; x_wconf 89' lang='lat' dir='ltr'><strong>essem,</strong></span> <span class='ocrx_word' id='word_1_13' title='bbox 1563 894 1663 960; x_wconf 80' lang='lat' dir='ltr'><strong>sicubi</strong></span> <span class='ocrx_word' id='word_1_14' title='bbox 1686 913 1727 962; x_wconf 92' lang='lat' dir='ltr'><strong>ne</strong></span> <span class='ocrx_word' id='word_1_15' title='bbox 1748 897 1835 980; x_wconf 90' lang='lat' dir='ltr'><strong>apri·</strong></span> 
     </span>
     <span class='ocr_line' id='line_1_3' title="bbox 386 1013 1835 1100; baseline 0 -20"><span class='ocrx_word' id='word_1_16' title='bbox 386 1015 510 1082; x_wconf 90' lang='lat' dir='ltr'><strong>catione</strong></span> <span class='ocrx_word' id='word_1_17' title='bbox 532 1014 659 1099; x_wconf 90' lang='lat' dir='ltr'><strong>quidem</strong></span> <span class='ocrx_word' id='word_1_18' title='bbox 681 1013 854 1099; x_wconf 80' lang='lat' dir='ltr'><strong>quidquam</strong></span> <span class='ocrx_word' id='word_1_19' title='bbox 884 1015 953 1080; x_wconf 91' lang='lat' dir='ltr'><strong>sine</strong></span> <span class='ocrx_word' id='word_1_20' title='bbox 974 1013 1067 1080; x_wconf 89' lang='lat' dir='ltr'><strong>nouis</strong></span> <span class='ocrx_word' id='word_1_21' title='bbox 1089 1013 1238 1082; x_wconf 81' lang='lat' dir='ltr'><strong>remediis</strong></span> <span class='ocrx_word' id='word_1_22' title='bbox 1257 1013 1372 1099; x_wconf 79' lang='lat' dir='ltr'><strong>dispici</strong></span> <span class='ocrx_word' id='word_1_23' title='bbox 1394 1034 1489 1100; x_wconf 92' lang='lat' dir='ltr'><strong>posse</strong></span> <span class='ocrx_word' id='word_1_24' title='bbox 1504 1013 1683 1096; x_wconf 90' lang='lat' dir='ltr'><strong>uidebatur,</strong></span> <span class='ocrx_word' id='word_1_25' title='bbox 1707 1015 1741 1080; x_wconf 92' lang='lat' dir='ltr'><strong>in</strong></span> <span class='ocrx_word' id='word_1_26' title='bbox 1765 1034 1835 1094; x_wconf 85' lang='lat' dir='ltr'><strong>,ex-</strong></span> 
     </span>
     <span class='ocr_line' id='line_1_4' title="bbox 387 1127 1834 1220; baseline -0.001 -19"><span class='ocrx_word' id='word_1_27' title='bbox 387 1135 565 1202; x_wconf 81' lang='lat' dir='ltr'><strong>terioribus‘</strong></span> <span class='ocrx_word' id='word_1_28' title='bbox 588 1134 715 1220; x_wconf 84' lang='lat' dir='ltr'><strong>paginis</strong></span> <span class='ocrx_word' id='word_1_29' title='bbox 736 1135 824 1201; x_wconf 85' lang='lat' dir='ltr'><strong>halio</strong></span> <span class='ocrx_word' id='word_1_30' title='bbox 839 1134 1026 1220; x_wconf 88' lang='lat' dir='ltr'><strong>sulphurato</strong></span> <span class='ocrx_word' id='word_1_31' title='bbox 1040 1153 1117 1201; x_wconf 92' lang='lat' dir='ltr'><strong>usus</strong></span> <span class='ocrx_word' id='word_1_32' title='bbox 1133 1153 1215 1212; x_wconf 91' lang='lat' dir='ltr'><strong>sum,</strong></span> <span class='ocrx_word' id='word_1_33' title='bbox 1239 1134 1273 1200; x_wconf 90' lang='lat' dir='ltr'><strong>in</strong></span> <span class='ocrx_word' id='word_1_34' title='bbox 1296 1134 1525 1215; x_wconf 85' lang='lat' dir='ltr'><strong>,interioribus‘</strong></span> <span class='ocrx_word' id='word_1_35' title='bbox 1548 1127 1677 1203; x_wconf 76' lang='lat' dir='ltr'><strong>aucmre</strong></span> <span class='ocrx_word' id='word_1_36' title='bbox 1691 1137 1834 1219; x_wconf 84' lang='lat' dir='ltr'><strong>Augusto</strong></span> 
     </span>
     <span class='ocr_line' id='line_1_5' title="bbox 387 1254 1832 1340; baseline -0.001 -18"><span class='ocrx_word' id='word_1_37' title='bbox 387 1255 544 1322; x_wconf 85' lang='lat' dir='ltr'><strong>Guilelmo</strong></span> <span class='ocrx_word' id='word_1_38' title='bbox 566 1256 726 1322; x_wconf 87' lang='lat' dir='ltr'><strong>Hoimann</strong></span> <span class='ocrx_word' id='word_1_39' title='bbox 748 1255 946 1322; x_wconf 90' lang='lat' dir='ltr'><strong>Berolineusi</strong></span> <span class='ocrx_word' id='word_1_40' title='bbox 968 1254 1179 1335; x_wconf 79' lang='lat' dir='ltr'><strong>commedio,</strong></span> <span class='ocrx_word' id='word_1_41' title='bbox 1204 1256 1288 1340; x_wconf 91' lang='lat' dir='ltr'><strong>quod</strong></span> <span class='ocrx_word' id='word_1_42' title='bbox 1309 1255 1343 1320; x_wconf 92' lang='lat' dir='ltr'><strong>in</strong></span> <span class='ocrx_word' id='word_1_43' title='bbox 1366 1255 1533 1322; x_wconf 80' lang='lat' dir='ltr'><strong>annalibus</strong></span> <span class='ocrx_word' id='word_1_44' title='bbox 1556 1255 1666 1340; x_wconf 91' lang='lat' dir='ltr'><strong>philol.</strong></span> <span class='ocrx_word' id='word_1_45' title='bbox 1691 1276 1721 1321; x_wconf 88' lang='lat' dir='ltr'><strong>a.</strong></span> <span class='ocrx_word' id='word_1_46' title='bbox 1752 1257 1832 1320; x_wconf 85' lang='lat'>1868</span> 
     </span>
     <span class='ocr_line' id='line_1_6' title="bbox 391 1375 1834 1462; baseline 0.001 -21"><span class='ocrx_word' id='word_1_47' title='bbox 391 1379 473 1462; x_wconf 78' lang='lat' dir='ltr'><strong>(pag.</strong></span> <span class='ocrx_word' id='word_1_48' title='bbox 493 1381 556 1442; x_wconf 81' lang='grc'><strong>546</strong></span> <span class='ocrx_word' id='word_1_49' title='bbox 578 1383 644 1443; x_wconf 90' lang='lat' dir='ltr'><strong>not.</strong></span> <span class='ocrx_word' id='word_1_50' title='bbox 666 1377 693 1460; x_wconf 89' lang='lat'><strong>1)</strong></span> <span class='ocrx_word' id='word_1_51' title='bbox 719 1377 897 1442; x_wconf 85' lang='lat' dir='ltr'><strong>accuratius</strong></span> <span class='ocrx_word' id='word_1_52' title='bbox 920 1375 1094 1462; x_wconf 72' lang='lat' dir='ltr'><strong>descripsi:</strong></span> <span class='ocrx_word' id='word_1_53' title='bbox 1127 1375 1188 1443; x_wconf 88' lang='lat' dir='ltr'><strong>hoo</strong></span> <span class='ocrx_word' id='word_1_54' title='bbox 1215 1375 1312 1459; x_wconf 88' lang='lat' dir='ltr'><strong>igitur</strong></span> <span class='ocrx_word' id='word_1_55' title='bbox 1336 1375 1389 1460; x_wconf 91' lang='lat' dir='ltr'><strong>qui</strong></span> <span class='ocrx_word' id='word_1_56' title='bbox 1412 1375 1575 1458; x_wconf 77' lang='lat' dir='ltr'><strong>aduolet,</strong></span> <span class='ocrx_word' id='word_1_57' title='bbox 1602 1375 1681 1442; x_wconf 89' lang='lat' dir='ltr'><strong>kalii</strong></span> <span class='ocrx_word' id='word_1_58' title='bbox 1703 1376 1834 1462; x_wconf 91' lang='lat' dir='ltr'><strong>sulpho-</strong></span> 
     </span>
     <span class='ocr_line' id='line_1_7' title="bbox 386 1494 1834 1583; baseline 0 -21"><span class='ocrx_word' id='word_1_59' title='bbox 386 1497 514 1582; x_wconf 88' lang='lat' dir='ltr'><strong>cyauati</strong></span> <span class='ocrx_word' id='word_1_60' title='bbox 541 1499 606 1582; x_wconf 81' lang='lat' dir='ltr'><strong>(aut</strong></span> <span class='ocrx_word' id='word_1_61' title='bbox 627 1497 778 1563; x_wconf 92' lang='lat' dir='ltr'><strong>ammonii</strong></span> <span class='ocrx_word' id='word_1_62' title='bbox 801 1495 1052 1582; x_wconf 84' lang='lat' dir='ltr'><strong>sulphocyauati)</strong></span> <span class='ocrx_word' id='word_1_63' title='bbox 1077 1515 1179 1580; x_wconf 87' lang='lat' dir='ltr'><strong>grana</strong></span> <span class='ocrx_word' id='word_1_64' title='bbox 1200 1515 1284 1579; x_wconf 88' lang='lat' dir='ltr'><strong>aqua</strong></span> <span class='ocrx_word' id='word_1_65' title='bbox 1306 1494 1410 1562; x_wconf 89' lang='lat' dir='ltr'><strong>diluat</strong></span> <span class='ocrx_word' id='word_1_66' title='bbox 1429 1496 1580 1568; x_wconf 79' lang='lat' dir='ltr'><strong>admixtis</strong></span> <span class='ocrx_word' id='word_1_67' title='bbox 1603 1497 1713 1583; x_wconf 80' lang='lat' dir='ltr'><strong>paucis</strong></span> <span class='ocrx_word' id='word_1_68' title='bbox 1735 1497 1834 1580; x_wconf 84' lang='lat' dir='ltr'><strong>guttis</strong></span> 
     </span>
     <span class='ocr_line' id='line_1_8' title="bbox 386 1615 1829 1702; baseline 0.001 -20"><span class='ocrx_word' id='word_1_69' title='bbox 386 1617 470 1684; x_wconf 90' lang='lat' dir='ltr'><strong>acidi</strong></span> <span class='ocrx_word' id='word_1_70' title='bbox 498 1617 666 1684; x_wconf 91' lang='lat' dir='ltr'><strong>muriatici.</strong></span> <span class='ocrx_word' id='word_1_71' title='bbox 718 1616 804 1683; x_wconf 89' lang='lat' dir='ltr'><strong>lllud</strong></span> <span class='ocrx_word' id='word_1_72' title='bbox 835 1615 951 1702; x_wconf 89' lang='lat' dir='ltr'><strong>partim</strong></span> <span class='ocrx_word' id='word_1_73' title='bbox 980 1616 1131 1682; x_wconf 80' lang='lat' dir='ltr'><strong>lutacium</strong></span> <span class='ocrx_word' id='word_1_74' title='bbox 1163 1615 1279 1700; x_wconf 89' lang='lat' dir='ltr'><strong>partim</strong></span> <span class='ocrx_word' id='word_1_75' title='bbox 1312 1615 1478 1682; x_wconf 89' lang='lat' dir='ltr'><strong>liuidulum</strong></span> <span class='ocrx_word' id='word_1_76' title='bbox 1507 1617 1643 1683; x_wconf 91' lang='lat' dir='ltr'><strong>colorem</strong></span> <span class='ocrx_word' id='word_1_77' title='bbox 1671 1618 1829 1701; x_wconf 80' lang='lat' dir='ltr'><strong>relinquit,</strong></span> 
     </span>
     <span class='ocr_line' id='line_1_9' title="bbox 386 1735 1833 1822; baseline 0.001 -20"><span class='ocrx_word' id='word_1_78' title='bbox 386 1745 495 1821; x_wconf 82' lang='lat' dir='ltr'><strong>eetqrm</strong></span> <span class='ocrx_word' id='word_1_79' title='bbox 517 1737 594 1803; x_wconf 89' lang='lat' dir='ltr'><strong>dum</strong></span> <span class='ocrx_word' id='word_1_80' title='bbox 615 1736 723 1803; x_wconf 91' lang='lat' dir='ltr'><strong>madet</strong></span> <span class='ocrx_word' id='word_1_81' title='bbox 751 1757 815 1803; x_wconf 90' lang='lat' dir='ltr'><strong>nou</strong></span> <span class='ocrx_word' id='word_1_82' title='bbox 842 1736 1033 1803; x_wconf 91' lang='lat' dir='ltr'><strong>beneolens</strong></span> <span class='ocrx_word' id='word_1_83' title='bbox 1063 1736 1121 1802; x_wconf 90' lang='lat' dir='ltr'><strong>sed</strong></span> <span class='ocrx_word' id='word_1_84' title='bbox 1142 1735 1313 1803; x_wconf 84' lang='lat' dir='ltr'><strong>admodum</strong></span> <span class='ocrx_word' id='word_1_85' title='bbox 1336 1757 1501 1822; x_wconf 73' lang='lat' dir='ltr'><strong>asperum,</strong></span> <span class='ocrx_word' id='word_1_86' title='bbox 1534 1737 1595 1803; x_wconf 90' lang='lat' dir='ltr'><strong>hoc</strong></span> <span class='ocrx_word' id='word_1_87' title='bbox 1616 1737 1693 1804; x_wconf 88' lang='lat' dir='ltr'><strong>dum</strong></span> <span class='ocrx_word' id='word_1_88' title='bbox 1716 1736 1833 1804; x_wconf 88' lang='lat' dir='ltr'><strong>dilabi-</strong></span> 
     </span>
     <span class='ocr_line' id='line_1_10' title="bbox 386 1855 1833 1940; baseline 0.001 -17"><span class='ocrx_word' id='word_1_89' title='bbox 386 1865 456 1938; x_wconf 86' lang='lat' dir='ltr'><strong>tur,</strong></span> <span class='ocrx_word' id='word_1_90' title='bbox 484 1858 608 1924; x_wconf 86' lang='lat' dir='ltr'><strong>litterae</strong></span> <span class='ocrx_word' id='word_1_91' title='bbox 630 1876 792 1940; x_wconf 82' lang='lat' dir='ltr'><strong>emergere</strong></span> <span class='ocrx_word' id='word_1_92' title='bbox 811 1855 959 1922; x_wconf 90' lang='lat' dir='ltr'><strong>uidentur</strong></span> <span class='ocrx_word' id='word_1_93' title='bbox 980 1855 1215 1940; x_wconf 92' lang='lat' dir='ltr'><strong>pallidulusque</strong></span> <span class='ocrx_word' id='word_1_94' title='bbox 1237 1877 1346 1922; x_wconf 89' lang='lat' dir='ltr'><strong>earum</strong></span> <span class='ocrx_word' id='word_1_95' title='bbox 1368 1857 1454 1924; x_wconf 92' lang='lat' dir='ltr'><strong>color</strong></span> <span class='ocrx_word' id='word_1_96' title='bbox 1476 1858 1567 1940; x_wconf 88' lang='lat' dir='ltr'><strong>quasi</strong></span> <span class='ocrx_word' id='word_1_97' title='bbox 1596 1858 1681 1934; x_wconf 85' lang='lat' dir='ltr'><strong>laeta</strong></span> <span class='ocrx_word' id='word_1_98' title='bbox 1704 1865 1736 1925; x_wconf 90' lang='lat' dir='ltr'><strong>et</strong></span> <span class='ocrx_word' id='word_1_99' title='bbox 1757 1859 1833 1924; x_wconf 91' lang='lat' dir='ltr'><strong>sub-</strong></span> 
     </span>
     <span class='ocr_line' id='line_1_11' title="bbox 386 1975 1832 2062; baseline 0.001 -20"><span class='ocrx_word' id='word_1_100' title='bbox 386 1978 484 2044; x_wconf 88' lang='lat' dir='ltr'><strong>rubea</strong></span> <span class='ocrx_word' id='word_1_101' title='bbox 504 1978 699 2045; x_wconf 87' lang='lat' dir='ltr'><strong>incrementa</strong></span> <span class='ocrx_word' id='word_1_102' title='bbox 721 1977 818 2061; x_wconf 88' lang='lat' dir='ltr'><strong>capit,</strong></span> <span class='ocrx_word' id='word_1_103' title='bbox 842 1975 897 2042; x_wconf 91' lang='lat' dir='ltr'><strong>ubi</strong></span> <span class='ocrx_word' id='word_1_104' title='bbox 919 1977 1053 2057; x_wconf 82' lang='lat' dir='ltr'><strong>exaruit,</strong></span> <span class='ocrx_word' id='word_1_105' title='bbox 1071 1977 1208 2062; x_wconf 89' lang='lat' dir='ltr'><strong>uestigio</strong></span> <span class='ocrx_word' id='word_1_106' title='bbox 1229 1978 1317 2044; x_wconf 90' lang='lat' dir='ltr'><strong>nullo</strong></span> <span class='ocrx_word' id='word_1_107' title='bbox 1339 1977 1448 2044; x_wconf 88' lang='lat' dir='ltr'><strong>relicto</strong></span> <span class='ocrx_word' id='word_1_108' title='bbox 1469 1978 1605 2062; x_wconf 90' lang='lat' dir='ltr'><strong>pristina</strong></span> <span class='ocrx_word' id='word_1_109' title='bbox 1626 1977 1731 2062; x_wconf 89' lang='lat' dir='ltr'><strong>caligo</strong></span> <span class='ocrx_word' id='word_1_110' title='bbox 1754 1977 1832 2044; x_wconf 90' lang='lat' dir='ltr'><strong>duc-</strong></span> 
     </span>
     <span class='ocr_line' id='line_1_12' title="bbox 386 2093 1833 2175; baseline 0.001 -12"><span class='ocrx_word' id='word_1_111' title='bbox 386 2097 469 2163; x_wconf 91' lang='lat' dir='ltr'><strong>tibus</strong></span> <span class='ocrx_word' id='word_1_112' title='bbox 497 2097 678 2164; x_wconf 86' lang='lat' dir='ltr'><strong>ofiuuditur.</strong></span> <span class='ocrx_word' id='word_1_113' title='bbox 726 2093 848 2175; x_wconf 82' lang='lat' dir='ltr'><strong>Quibus</strong></span> <span class='ocrx_word' id='word_1_114' title='bbox 876 2095 910 2162; x_wconf 92' lang='lat' dir='ltr'><strong>in</strong></span> <span class='ocrx_word' id='word_1_115' title='bbox 938 2096 1088 2164; x_wconf 89' lang='lat' dir='ltr'><strong>remediis</strong></span> <span class='ocrx_word' id='word_1_116' title='bbox 1116 2096 1306 2165; x_wconf 87' lang='lat' dir='ltr'><strong>adhibendis</strong></span> <span class='ocrx_word' id='word_1_117' title='bbox 1333 2096 1367 2162; x_wconf 94' lang='lat' dir='ltr'><strong>id</strong></span> <span class='ocrx_word' id='word_1_118' title='bbox 1395 2118 1491 2164; x_wconf 90' lang='lat' dir='ltr'><strong>unum</strong></span> <span class='ocrx_word' id='word_1_119' title='bbox 1513 2098 1686 2164; x_wconf 89' lang='lat' dir='ltr'><strong>uidendum</strong></span> <span class='ocrx_word' id='word_1_120' title='bbox 1716 2105 1764 2165; x_wconf 91' lang='lat' dir='ltr'><strong>est</strong></span> <span class='ocrx_word' id='word_1_121' title='bbox 1792 2117 1833 2165; x_wconf 86' lang='lat' dir='ltr'><strong>ne</strong></span> 
     </span>
     <span class='ocr_line' id='line_1_13' title="bbox 385 2215 1833 2302; baseline 0 -18"><span class='ocrx_word' id='word_1_122' title='bbox 385 2237 497 2302; x_wconf 87' lang='lat' dir='ltr'><strong>parum</strong></span> <span class='ocrx_word' id='word_1_123' title='bbox 519 2239 622 2302; x_wconf 88' lang='lat' dir='ltr'><strong>aquae</strong></span> <span class='ocrx_word' id='word_1_124' title='bbox 644 2218 841 2288; x_wconf 88' lang='lat' dir='ltr'><strong>admisceas:</strong></span> <span class='ocrx_word' id='word_1_125' title='bbox 866 2215 950 2300; x_wconf 92' lang='lat' dir='ltr'><strong>quod</strong></span> <span class='ocrx_word' id='word_1_126' title='bbox 972 2217 1026 2283; x_wconf 92' lang='lat' dir='ltr'><strong>ubi</strong></span> <span class='ocrx_word' id='word_1_127' title='bbox 1047 2217 1236 2301; x_wconf 83' lang='lat' dir='ltr'><strong>neglexeris,</strong></span> <span class='ocrx_word' id='word_1_128' title='bbox 1263 2216 1385 2300; x_wconf 84' lang='lat' dir='ltr'><strong>fragilis</strong></span> <span class='ocrx_word' id='word_1_129' title='bbox 1404 2225 1437 2284; x_wconf 90' lang='lat' dir='ltr'><strong>et</strong></span> <span class='ocrx_word' id='word_1_130' title='bbox 1458 2220 1625 2285; x_wconf 84' lang='lat' dir='ltr'><strong>tabescens</strong></span> <span class='ocrx_word' id='word_1_131' title='bbox 1648 2220 1833 2285; x_wconf 90' lang='lat' dir='ltr'><strong>membrana</strong></span> 
     </span>
     <span class='ocr_line' id='line_1_14' title="bbox 385 2337 1828 2424; baseline 0 -20"><span class='ocrx_word' id='word_1_132' title='bbox 385 2338 490 2404; x_wconf 89' lang='lat' dir='ltr'><strong>subita</strong></span> <span class='ocrx_word' id='word_1_133' title='bbox 510 2340 603 2405; x_wconf 89' lang='lat' dir='ltr'><strong>ruina</strong></span> <span class='ocrx_word' id='word_1_134' title='bbox 625 2339 799 2407; x_wconf 88' lang='lat' dir='ltr'><strong>collabetur</strong></span> <span class='ocrx_word' id='word_1_135' title='bbox 820 2337 1030 2421; x_wconf 87' lang='lat' dir='ltr'><strong>sustinerique</strong></span> <span class='ocrx_word' id='word_1_136' title='bbox 1051 2337 1138 2404; x_wconf 88' lang='lat' dir='ltr'><strong>nullo</strong></span> <span class='ocrx_word' id='word_1_137' title='bbox 1159 2337 1254 2404; x_wconf 93' lang='lat' dir='ltr'><strong>modo</strong></span> <span class='ocrx_word' id='word_1_138' title='bbox 1276 2337 1391 2423; x_wconf 88' lang='lat' dir='ltr'><strong>poterit</strong></span> <span class='ocrx_word' id='word_1_139' title='bbox 1413 2337 1470 2404; x_wconf 92' lang='lat' dir='ltr'><strong>sed</strong></span> <span class='ocrx_word' id='word_1_140' title='bbox 1492 2337 1604 2405; x_wconf 85' lang='lat' dir='ltr'><strong>foedas</strong></span> <span class='ocrx_word' id='word_1_141' title='bbox 1622 2346 1699 2424; x_wconf 85' lang='lat' dir='ltr'><strong>aget</strong></span> <span class='ocrx_word' id='word_1_142' title='bbox 1719 2340 1828 2406; x_wconf 84' lang='lat' dir='ltr'><strong>rimas.</strong></span> 
     </span>
     <span class='ocr_line' id='line_1_15' title="bbox 385 2457 1831 2544; baseline 0.001 -20"><span class='ocrx_word' id='word_1_143' title='bbox 385 2457 505 2536; x_wconf 78' lang='lat' dir='ltr'><strong>Quodsi</strong></span> <span class='ocrx_word' id='word_1_144' title='bbox 534 2479 598 2543; x_wconf 91' lang='lat' dir='ltr'><strong>qua</strong></span> <span class='ocrx_word' id='word_1_145' title='bbox 629 2459 748 2544; x_wconf 88' lang='lat' dir='ltr'><strong>pagina</strong></span> <span class='ocrx_word' id='word_1_146' title='bbox 776 2458 870 2525; x_wconf 94' lang='lat' dir='ltr'><strong>nimis</strong></span> <span class='ocrx_word' id='word_1_147' title='bbox 900 2457 1005 2523; x_wconf 90' lang='lat' dir='ltr'><strong>tenuis</strong></span> <span class='ocrx_word' id='word_1_148' title='bbox 1033 2457 1075 2522; x_wconf 89' lang='lat' dir='ltr'><strong>ad</strong></span> <span class='ocrx_word' id='word_1_149' title='bbox 1103 2464 1221 2524; x_wconf 67' lang='lat' dir='ltr'><strong>metum</strong></span> <span class='ocrx_word' id='word_1_150' title='bbox 1248 2459 1301 2524; x_wconf 92' lang='lat' dir='ltr'><strong>uel</strong></span> <span class='ocrx_word' id='word_1_151' title='bbox 1330 2457 1479 2525; x_wconf 87' lang='lat' dir='ltr'><strong>remediis</strong></span> <span class='ocrx_word' id='word_1_152' title='bbox 1509 2457 1707 2525; x_wconf 90' lang='lat' dir='ltr'><strong>Bluhmianis</strong></span> <span class='ocrx_word' id='word_1_153' title='bbox 1737 2460 1831 2526; x_wconf 91' lang='lat' dir='ltr'><strong>nimis</strong></span> 
     </span>
     <span class='ocr_line' id='line_1_16' title="bbox 384 2562 1832 2666; baseline 0.001 -21"><span class='ocrx_word' id='word_1_154' title='bbox 384 2580 544 2646; x_wconf 86' lang='lat' dir='ltr'><strong>maculata</strong></span> <span class='ocrx_word' id='word_1_155' title='bbox 566 2599 636 2646; x_wconf 90' lang='lat' dir='ltr'><strong>esse</strong></span> <span class='ocrx_word' id='word_1_156' title='bbox 658 2562 835 2659; x_wconf 86' lang='lat' dir='ltr'><strong>uidebatur,</strong></span> <span class='ocrx_word' id='word_1_157' title='bbox 854 2597 957 2666; x_wconf 91' lang='lat' dir='ltr'><strong>neque</strong></span> <span class='ocrx_word' id='word_1_158' title='bbox 977 2578 1043 2644; x_wconf 87' lang='lat' dir='ltr'><strong>nlla</strong></span> <span class='ocrx_word' id='word_1_159' title='bbox 1065 2579 1240 2664; x_wconf 83' lang='lat' dir='ltr'><strong>apparebat</strong></span> <span class='ocrx_word' id='word_1_160' title='bbox 1257 2597 1332 2662; x_wconf 89' lang='lat' dir='ltr'><strong>spes</strong></span> <span class='ocrx_word' id='word_1_161' title='bbox 1353 2577 1420 2645; x_wconf 85' lang='lat' dir='ltr'><strong>fore</strong></span> <span class='ocrx_word' id='word_1_162' title='bbox 1441 2585 1477 2644; x_wconf 92' lang='lat' dir='ltr'><strong>ut</strong></span> <span class='ocrx_word' id='word_1_163' title='bbox 1498 2579 1578 2646; x_wconf 90' lang='lat' dir='ltr'><strong>meis</strong></span> <span class='ocrx_word' id='word_1_164' title='bbox 1591 2578 1832 2646; x_wconf 89' lang='lat' dir='ltr'><strong>medicamentis</strong></span> 
     </span>
     <span class='ocr_line' id='line_1_17' title="bbox 383 2697 1832 2785; baseline 0.002 -22"><span class='ocrx_word' id='word_1_165' title='bbox 383 2699 506 2766; x_wconf 87' lang='lat' dir='ltr'><strong>litterae</strong></span> <span class='ocrx_word' id='word_1_166' title='bbox 518 2699 662 2766; x_wconf 87' lang='lat' dir='ltr'><strong>Gaianae</strong></span> <span class='ocrx_word' id='word_1_167' title='bbox 677 2700 782 2766; x_wconf 90' lang='lat' dir='ltr'><strong>nudae</strong></span> <span class='ocrx_word' id='word_1_168' title='bbox 798 2706 831 2765; x_wconf 90' lang='lat' dir='ltr'><strong>et</strong></span> <span class='ocrx_word' id='word_1_169' title='bbox 845 2703 1000 2764; x_wconf 88' lang='lat' dir='ltr'><strong>uenustac</strong></span> <span class='ocrx_word' id='word_1_170' title='bbox 1015 2698 1100 2763; x_wconf 92' lang='lat' dir='ltr'><strong>omui</strong></span> <span class='ocrx_word' id='word_1_171' title='bbox 1111 2697 1379 2783; x_wconf 84' lang='lat' dir='ltr'><strong>Hieronymiauae</strong></span> <span class='ocrx_word' id='word_1_172' title='bbox 1392 2698 1569 2784; x_wconf 88' lang='lat' dir='ltr'><strong>scripturae</strong></span> <span class='ocrx_word' id='word_1_173' title='bbox 1584 2701 1656 2766; x_wconf 94' lang='lat' dir='ltr'><strong>uelo</strong></span> <span class='ocrx_word' id='word_1_174' title='bbox 1671 2709 1832 2785; x_wconf 90' lang='lat' dir='ltr'><strong>tamquam</strong></span> 
     </span>
     <span class='ocr_line' id='line_1_18' title="bbox 385 2818 1832 2904; baseline 0.001 -20"><span class='ocrx_word' id='word_1_175' title='bbox 385 2827 474 2885; x_wconf 88' lang='lat' dir='ltr'><strong>ueste</strong></span> <span class='ocrx_word' id='word_1_176' title='bbox 496 2819 639 2886; x_wconf 88' lang='lat' dir='ltr'><strong>detracta</strong></span> <span class='ocrx_word' id='word_1_177' title='bbox 659 2826 932 2904; x_wconf 85' lang='lat' dir='ltr'><strong>recuperarentur,</strong></span> <span class='ocrx_word' id='word_1_178' title='bbox 963 2818 1007 2884; x_wconf 87' lang='lat' dir='ltr'><strong>ad</strong></span> <span class='ocrx_word' id='word_1_179' title='bbox 1028 2818 1177 2885; x_wconf 83' lang='lat' dir='ltr'><strong>Giuliarii</strong></span> <span class='ocrx_word' id='word_1_180' title='bbox 1200 2820 1398 2885; x_wconf 89' lang='lat' dir='ltr'><strong>uoluntatem</strong></span> <span class='ocrx_word' id='word_1_181' title='bbox 1425 2839 1477 2886; x_wconf 92' lang='lat' dir='ltr'><strong>me</strong></span> <span class='ocrx_word' id='word_1_182' title='bbox 1500 2820 1749 2900; x_wconf 79' lang='lat' dir='ltr'><strong>accommodari,</strong></span> <span class='ocrx_word' id='word_1_183' title='bbox 1776 2821 1832 2903; x_wconf 92' lang='lat' dir='ltr'><strong>qui</strong></span> 
     </span>
     <span class='ocr_line' id='line_1_19' title="bbox 385 2939 1832 3025; baseline 0.001 -21"><span class='ocrx_word' id='word_1_184' title='bbox 385 2939 518 3005; x_wconf 91' lang='lat' dir='ltr'><strong>uenenis</strong></span> <span class='ocrx_word' id='word_1_185' title='bbox 540 2959 596 3005; x_wconf 90' lang='lat' dir='ltr'><strong>eas</strong></span> <span class='ocrx_word' id='word_1_186' title='bbox 619 2941 706 3006; x_wconf 87' lang='lat' dir='ltr'><strong>solas</strong></span> <span class='ocrx_word' id='word_1_187' title='bbox 727 2941 929 3006; x_wconf 89' lang='lat' dir='ltr'><strong>membranas</strong></span> <span class='ocrx_word' id='word_1_188' title='bbox 952 2939 1056 3006; x_wconf 90' lang='lat' dir='ltr'><strong>denuo</strong></span> <span class='ocrx_word' id='word_1_189' title='bbox 1079 2939 1229 3023; x_wconf 83' lang='lat' dir='ltr'><strong>temptari</strong></span> <span class='ocrx_word' id='word_1_190' title='bbox 1251 2939 1367 3024; x_wconf 90' lang='lat' dir='ltr'><strong>uoluit,</strong></span> <span class='ocrx_word' id='word_1_191' title='bbox 1400 2959 1483 3025; x_wconf 87' lang='lat' dir='ltr'><strong>quae</strong></span> <span class='ocrx_word' id='word_1_192' title='bbox 1506 2939 1707 3007; x_wconf 83' lang='lat' dir='ltr'><strong>adhibendae</strong></span> <span class='ocrx_word' id='word_1_193' title='bbox 1728 2940 1832 3008; x_wconf 90' lang='lat' dir='ltr'><strong>medi-</strong></span> 
     </span>
     <span class='ocr_line' id='line_1_20' title="bbox 385 3058 1831 3146; baseline 0.002 -22"><span class='ocrx_word' id='word_1_194' title='bbox 385 3059 476 3126; x_wconf 88' lang='lat' dir='ltr'><strong>cinae</strong></span> <span class='ocrx_word' id='word_1_195' title='bbox 498 3061 552 3126; x_wconf 90' lang='lat' dir='ltr'><strong>uel</strong></span> <span class='ocrx_word' id='word_1_196' title='bbox 569 3062 794 3126; x_wconf 84' lang='lat' dir='ltr'><strong>necessitatem</strong></span> <span class='ocrx_word' id='word_1_197' title='bbox 817 3067 1052 3127; x_wconf 91' lang='lat' dir='ltr'><strong>commonerent</strong></span> <span class='ocrx_word' id='word_1_198' title='bbox 1072 3061 1126 3126; x_wconf 90' lang='lat' dir='ltr'><strong>uel</strong></span> <span class='ocrx_word' id='word_1_199' title='bbox 1141 3058 1401 3127; x_wconf 88' lang='lat' dir='ltr'><strong>commendarent</strong></span> <span class='ocrx_word' id='word_1_200' title='bbox 1422 3059 1605 3126; x_wconf 87' lang='lat' dir='ltr'><strong>utilitatem.</strong></span> <span class='ocrx_word' id='word_1_201' title='bbox 1645 3061 1757 3146; x_wconf 86' lang='lat' dir='ltr'><strong>Neque</strong></span> <span class='ocrx_word' id='word_1_202' title='bbox 1779 3063 1831 3127; x_wconf 86' lang='lat' dir='ltr'><strong>in-</strong></span> 
     </span>
     <span class='ocr_line' id='line_1_21' title="bbox 385 3177 1832 3261; baseline 0.003 -17"><span class='ocrx_word' id='word_1_203' title='bbox 385 3177 468 3246; x_wconf 90' lang='lat' dir='ltr'><strong>fitior</strong></span> <span class='ocrx_word' id='word_1_204' title='bbox 490 3180 691 3248; x_wconf 92' lang='lat' dir='ltr'><strong>collationem</strong></span> <span class='ocrx_word' id='word_1_205' title='bbox 712 3201 817 3247; x_wconf 90' lang='lat' dir='ltr'><strong>meam</strong></span> <span class='ocrx_word' id='word_1_206' title='bbox 840 3181 977 3246; x_wconf 83' lang='lat' dir='ltr'><strong>fortasse</strong></span> <span class='ocrx_word' id='word_1_207' title='bbox 999 3200 1063 3246; x_wconf 89' lang='lat' dir='ltr'><strong>nou</strong></span> <span class='ocrx_word' id='word_1_208' title='bbox 1085 3180 1232 3246; x_wconf 90' lang='lat' dir='ltr'><strong>omuibus</strong></span> <span class='ocrx_word' id='word_1_209' title='bbox 1255 3179 1395 3246; x_wconf 88' lang='lat' dir='ltr'><strong>numeris</strong></span> <span class='ocrx_word' id='word_1_210' title='bbox 1418 3181 1597 3247; x_wconf 90' lang='lat' dir='ltr'><strong>absolutam</strong></span> <span class='ocrx_word' id='word_1_211' title='bbox 1619 3201 1703 3248; x_wconf 90' lang='lat' dir='ltr'><strong>esse.</strong></span> <span class='ocrx_word' id='word_1_212' title='bbox 1751 3180 1832 3261; x_wconf 84' lang='lat' dir='ltr'><strong>Quis</strong></span> 
     </span>
     <span class='ocr_line' id='line_1_22' title="bbox 385 3298 1921 3385; baseline 0.003 -21"><span class='ocrx_word' id='word_1_213' title='bbox 385 3298 470 3366; x_wconf 88' lang='lat' dir='ltr'><strong>enim</strong></span> <span class='ocrx_word' id='word_1_214' title='bbox 493 3308 559 3366; x_wconf 89' lang='lat' dir='ltr'><strong>tam</strong></span> <span class='ocrx_word' id='word_1_215' title='bbox 582 3302 678 3368; x_wconf 88' lang='lat' dir='ltr'><strong>stulte</strong></span> <span class='ocrx_word' id='word_1_216' title='bbox 700 3321 854 3384; x_wconf 83' lang='lat' dir='ltr'><strong>arrogans</strong></span> <span class='ocrx_word' id='word_1_217' title='bbox 876 3307 936 3384; x_wconf 92' lang='lat' dir='ltr'><strong>est,</strong></span> <span class='ocrx_word' id='word_1_218' title='bbox 961 3307 997 3367; x_wconf 92' lang='lat' dir='ltr'><strong>ut</strong></span> <span class='ocrx_word' id='word_1_219' title='bbox 1020 3299 1129 3368; x_wconf 89' lang='lat' dir='ltr'><strong>credat</strong></span> <span class='ocrx_word' id='word_1_220' title='bbox 1150 3321 1191 3367; x_wconf 90' lang='lat' dir='ltr'><strong>uc</strong></span> <span class='ocrx_word' id='word_1_221' title='bbox 1214 3301 1378 3385; x_wconf 88' lang='lat' dir='ltr'><strong>speculam</strong></span> <span class='ocrx_word' id='word_1_222' title='bbox 1400 3301 1530 3383; x_wconf 88' lang='lat' dir='ltr'><strong>quidenr</strong></span> <span class='ocrx_word' id='word_1_223' title='bbox 1557 3320 1628 3367; x_wconf 90' lang='lat' dir='ltr'><strong>csse</strong></span> <span class='ocrx_word' id='word_1_224' title='bbox 1651 3303 1832 3370; x_wconf 82' lang='lat' dir='ltr'><strong>efficaciora</strong></span> <span class='ocrx_word' id='word_1_225' title='bbox 1916 3369 1921 3385; x_wconf 73' lang='grc'>,</span> 
     </span>
     <span class='ocr_line' id='line_1_23' title="bbox 385 3419 1829 3506; baseline 0.002 -21"><span class='ocrx_word' id='word_1_226' title='bbox 385 3419 460 3486; x_wconf 91' lang='lat' dir='ltr'><strong>olim</strong></span> <span class='ocrx_word' id='word_1_227' title='bbox 475 3420 710 3488; x_wconf 84' lang='lat' dir='ltr'><strong>medicamenta</strong></span> <span class='ocrx_word' id='word_1_228' title='bbox 723 3421 889 3488; x_wconf 90' lang='lat' dir='ltr'><strong>inuentum</strong></span> <span class='ocrx_word' id='word_1_229' title='bbox 911 3421 974 3486; x_wconf 79' lang='lat' dir='ltr'><strong>irii</strong></span> <span class='ocrx_word' id='word_1_230' title='bbox 1008 3421 1101 3487; x_wconf 88' lang='lat' dir='ltr'><strong>Hanc</strong></span> <span class='ocrx_word' id='word_1_231' title='bbox 1114 3421 1214 3506; x_wconf 87' lang='lat' dir='ltr'><strong>igitur</strong></span> <span class='ocrx_word' id='word_1_232' title='bbox 1228 3420 1425 3487; x_wconf 84' lang='lat' dir='ltr'><strong>desertarum</strong></span> <span class='ocrx_word' id='word_1_233' title='bbox 1448 3422 1612 3505; x_wconf 88' lang='lat' dir='ltr'><strong>regionum</strong></span> <span class='ocrx_word' id='word_1_234' title='bbox 1628 3423 1829 3490; x_wconf 91' lang='lat' dir='ltr'><strong>sterilitatem</strong></span> 
     </span>
    </p>
   </div>
   <div class='ocr_carea' id='block_1_3' title="bbox 278 3541 1832 3632">
    <p class='ocr_par' dir='ltr' id='par_1_3' title="bbox 278 3541 1832 3632">
     <span class='ocr_line' id='line_1_24' title="bbox 278 3541 1832 3632; baseline 0 -25"><span class='ocrx_word' id='word_1_235' title='bbox 278 3627 280 3632; x_wconf 65' lang='lat'><strong>,</strong></span> <span class='ocrx_word' id='word_1_236' title='bbox 385 3541 433 3607; x_wconf 87' lang='lat' dir='ltr'><strong>eis</strong></span> <span class='ocrx_word' id='word_1_237' title='bbox 456 3542 642 3610; x_wconf 89' lang='lat' dir='ltr'><strong>commendo</strong></span> <span class='ocrx_word' id='word_1_238' title='bbox 664 3542 769 3608; x_wconf 88' lang='lat' dir='ltr'><strong>denuo</strong></span> <span class='ocrx_word' id='word_1_239' title='bbox 783 3541 1057 3627; x_wconf 83' lang='lat' dir='ltr'><strong>perlustrandum,</strong></span> <span class='ocrx_word' id='word_1_240' title='bbox 1085 3541 1139 3625; x_wconf 91' lang='lat' dir='ltr'><strong>qui</strong></span> <span class='ocrx_word' id='word_1_241' title='bbox 1161 3561 1222 3607; x_wconf 91' lang='lat' dir='ltr'><strong>nec</strong></span> <span class='ocrx_word' id='word_1_242' title='bbox 1242 3541 1460 3608; x_wconf 88' lang='lat' dir='ltr'><strong>molestiarum</strong></span> <span class='ocrx_word' id='word_1_243' title='bbox 1483 3541 1691 3626; x_wconf 86' lang='lat' dir='ltr'><strong>laborumque</strong></span> <span class='ocrx_word' id='word_1_244' title='bbox 1706 3543 1832 3608; x_wconf 90' lang='lat' dir='ltr'><strong>diutur-</strong></span> 
     </span>
    </p>
   </div>
   <div class='ocr_carea' id='block_1_4' title="bbox 320 3659 1832 5431">
    <p class='ocr_par' dir='ltr' id='par_1_4' title="bbox 320 3659 1832 4812">
     <span class='ocr_line' id='line_1_25' title="bbox 385 3659 1831 3730; baseline 0.003 -5"><span class='ocrx_word' id='word_1_245' title='bbox 385 3660 518 3728; x_wconf 88' lang='lat' dir='ltr'><strong>nitatem</strong></span> <span class='ocrx_word' id='word_1_246' title='bbox 546 3662 640 3728; x_wconf 91' lang='lat' dir='ltr'><strong>neriti</strong></span> <span class='ocrx_word' id='word_1_247' title='bbox 667 3668 701 3728; x_wconf 92' lang='lat' dir='ltr'><strong>et</strong></span> <span class='ocrx_word' id='word_1_248' title='bbox 728 3662 820 3728; x_wconf 91' lang='lat' dir='ltr'><strong>nonis</strong></span> <span class='ocrx_word' id='word_1_249' title='bbox 848 3663 984 3729; x_wconf 81' lang='lat' dir='ltr'><strong>fortasse</strong></span> <span class='ocrx_word' id='word_1_250' title='bbox 1011 3661 1163 3728; x_wconf 87' lang='lat' dir='ltr'><strong>remediis</strong></span> <span class='ocrx_word' id='word_1_251' title='bbox 1191 3660 1343 3727; x_wconf 87' lang='lat' dir='ltr'><strong>chemicis</strong></span> <span class='ocrx_word' id='word_1_252' title='bbox 1372 3659 1473 3728; x_wconf 88' lang='lat' dir='ltr'><strong>adiuti</strong></span> <span class='ocrx_word' id='word_1_253' title='bbox 1502 3663 1536 3728; x_wconf 90' lang='lat' dir='ltr'><strong>iu</strong></span> <span class='ocrx_word' id='word_1_254' title='bbox 1565 3662 1687 3730; x_wconf 91' lang='lat' dir='ltr'><strong>eisdem</strong></span> <span class='ocrx_word' id='word_1_255' title='bbox 1716 3663 1831 3730; x_wconf 87' lang='lat' dir='ltr'><strong>studiis</strong></span> 
     </span>
     <span class='ocr_line' id='line_1_26' title="bbox 384 3780 1832 3865; baseline 0.001 -19"><span class='ocrx_word' id='word_1_256' title='bbox 384 3800 513 3865; x_wconf 92' lang='lat' dir='ltr'><strong>operam</strong></span> <span class='ocrx_word' id='word_1_257' title='bbox 528 3783 739 3849; x_wconf 90' lang='lat' dir='ltr'><strong>collocabunt.</strong></span> <span class='ocrx_word' id='word_1_258' title='bbox 770 3782 839 3849; x_wconf 88' lang='lat' dir='ltr'><strong>Nec</strong></span> <span class='ocrx_word' id='word_1_259' title='bbox 859 3801 932 3847; x_wconf 90' lang='lat' dir='ltr'><strong>raro</strong></span> <span class='ocrx_word' id='word_1_260' title='bbox 947 3819 990 3830; x_wconf 86' lang='lat'><em>-</em></span> <span class='ocrx_word' id='word_1_261' title='bbox 1003 3781 1037 3848; x_wconf 94' lang='lat' dir='ltr'><strong>id</strong></span> <span class='ocrx_word' id='word_1_262' title='bbox 1053 3782 1138 3865; x_wconf 91' lang='lat' dir='ltr'><strong>quod</strong></span> <span class='ocrx_word' id='word_1_263' title='bbox 1153 3781 1233 3849; x_wconf 90' lang='lat' dir='ltr'><strong>etin</strong></span> <span class='ocrx_word' id='word_1_264' title='bbox 1248 3781 1296 3848; x_wconf 91' lang='lat' dir='ltr'><strong>eis</strong></span> <span class='ocrx_word' id='word_1_265' title='bbox 1311 3780 1366 3865; x_wconf 92' lang='lat' dir='ltr'><strong>qui</strong></span> <span class='ocrx_word' id='word_1_266' title='bbox 1382 3789 1457 3848; x_wconf 83' lang='lat' dir='ltr'><strong>ante</strong></span> <span class='ocrx_word' id='word_1_267' title='bbox 1472 3803 1524 3848; x_wconf 92' lang='lat' dir='ltr'><strong>me</strong></span> <span class='ocrx_word' id='word_1_268' title='bbox 1538 3782 1651 3849; x_wconf 90' lang='lat' dir='ltr'><strong>librum</strong></span> <span class='ocrx_word' id='word_1_269' title='bbox 1667 3784 1832 3852; x_wconf 89' lang='lat' dir='ltr'><strong>Veronen-</strong></span> 
     </span>
     <span class='ocr_line' id='line_1_27' title="bbox 385 3900 1831 3989; baseline 0.003 -23"><span class='ocrx_word' id='word_1_270' title='bbox 385 3921 452 3966; x_wconf 88' lang='lat' dir='ltr'><strong>sem</strong></span> <span class='ocrx_word' id='word_1_271' title='bbox 475 3910 684 3970; x_wconf 86' lang='lat' dir='ltr'><strong>excusserunt</strong></span> <span class='ocrx_word' id='word_1_272' title='bbox 697 3901 909 3969; x_wconf 88' lang='lat' dir='ltr'><strong>animaduerti</strong></span> <span class='ocrx_word' id='word_1_273' title='bbox 930 3903 1010 3968; x_wconf 89' lang='lat' dir='ltr'><strong>etin</strong></span> <span class='ocrx_word' id='word_1_274' title='bbox 1024 3923 1077 3968; x_wconf 91' lang='lat' dir='ltr'><strong>me</strong></span> <span class='ocrx_word' id='word_1_275' title='bbox 1091 3903 1163 3989; x_wconf 93' lang='lat' dir='ltr'><strong>ipso</strong></span> <span class='ocrx_word' id='word_1_276' title='bbox 1179 3900 1367 3987; x_wconf 90' lang='lat' dir='ltr'><strong>saepissime</strong></span> <span class='ocrx_word' id='word_1_277' title='bbox 1382 3909 1532 3986; x_wconf 89' lang='lat' dir='ltr'><strong>expertus</strong></span> <span class='ocrx_word' id='word_1_278' title='bbox 1554 3921 1626 3968; x_wconf 90' lang='lat' dir='ltr'><strong>sum</strong></span> <span class='ocrx_word' id='word_1_279' title='bbox 1640 3941 1683 3952; x_wconf 90' lang='lat'><strong>—-</strong></span> <span class='ocrx_word' id='word_1_280' title='bbox 1698 3905 1831 3971; x_wconf 81' lang='lat' dir='ltr'><strong>fallaces</strong></span> 
     </span>
     <span class='ocr_line' id='line_1_28' title="bbox 385 4022 1832 4108; baseline 0.002 -21"><span class='ocrx_word' id='word_1_281' title='bbox 385 4022 516 4088; x_wconf 88' lang='lat' dir='ltr'><strong>umbrae</strong></span> <span class='ocrx_word' id='word_1_282' title='bbox 531 4024 634 4089; x_wconf 86' lang='lat' dir='ltr'><strong>forma</strong></span> <span class='ocrx_word' id='word_1_283' title='bbox 654 4023 831 4090; x_wconf 84' lang='lat' dir='ltr'><strong>litterarum</strong></span> <span class='ocrx_word' id='word_1_284' title='bbox 846 4022 988 4106; x_wconf 89' lang='lat' dir='ltr'><strong>indutae,</strong></span> <span class='ocrx_word' id='word_1_285' title='bbox 1013 4043 1097 4108; x_wconf 89' lang='lat' dir='ltr'><strong>quae</strong></span> <span class='ocrx_word' id='word_1_286' title='bbox 1119 4023 1266 4107; x_wconf 86' lang='lat' dir='ltr'><strong>uestigiis</strong></span> <span class='ocrx_word' id='word_1_287' title='bbox 1281 4023 1499 4090; x_wconf 88' lang='lat' dir='ltr'><strong>membranam</strong></span> <span class='ocrx_word' id='word_1_288' title='bbox 1522 4023 1724 4108; x_wconf 79' lang='lat' dir='ltr'><strong>impressisse</strong></span> <span class='ocrx_word' id='word_1_289' title='bbox 1739 4024 1832 4090; x_wconf 90' lang='lat' dir='ltr'><strong>uide-</strong></span> 
     </span>
     <span class='ocr_line' id='line_1_29' title="bbox 385 4142 1831 4230; baseline 0.002 -22"><span class='ocrx_word' id='word_1_290' title='bbox 385 4143 511 4225; x_wconf 87' lang='lat' dir='ltr'><strong>bantur,</strong></span> <span class='ocrx_word' id='word_1_291' title='bbox 538 4144 706 4229; x_wconf 89' lang='lat' dir='ltr'><strong>quominus</strong></span> <span class='ocrx_word' id='word_1_292' title='bbox 729 4143 871 4228; x_wconf 85' lang='lat' dir='ltr'><strong>genuina</strong></span> <span class='ocrx_word' id='word_1_293' title='bbox 892 4144 987 4210; x_wconf 89' lang='lat' dir='ltr'><strong>lectio</strong></span> <span class='ocrx_word' id='word_1_294' title='bbox 1010 4142 1230 4228; x_wconf 89' lang='lat' dir='ltr'><strong>dispiceretur‚</strong></span> <span class='ocrx_word' id='word_1_295' title='bbox 1261 4142 1487 4230; x_wconf 88' lang='lat' dir='ltr'><strong>impediebant.</strong></span> <span class='ocrx_word' id='word_1_296' title='bbox 1534 4143 1627 4210; x_wconf 86' lang='lat' dir='ltr'><strong>Adde</strong></span> <span class='ocrx_word' id='word_1_297' title='bbox 1649 4144 1734 4229; x_wconf 92' lang='lat' dir='ltr'><strong>quod</strong></span> <span class='ocrx_word' id='word_1_298' title='bbox 1756 4165 1831 4229; x_wconf 91' lang='lat' dir='ltr'><strong>por-</strong></span> 
     </span>
     <span class='ocr_line' id='line_1_30' title="bbox 384 4263 1826 4348; baseline 0.001 -19"><span class='ocrx_word' id='word_1_299' title='bbox 384 4270 474 4329; x_wconf 87' lang='lat' dir='ltr'><strong>tenta</strong></span> <span class='ocrx_word' id='word_1_300' title='bbox 494 4263 694 4332; x_wconf 89' lang='lat' dir='ltr'><strong>librariorum</strong></span> <span class='ocrx_word' id='word_1_301' title='bbox 723 4263 817 4330; x_wconf 90' lang='lat' dir='ltr'><strong>modo</strong></span> <span class='ocrx_word' id='word_1_302' title='bbox 845 4263 1070 4330; x_wconf 89' lang='lat' dir='ltr'><strong>somniantium</strong></span> <span class='ocrx_word' id='word_1_303' title='bbox 1092 4263 1186 4330; x_wconf 91' lang='lat' dir='ltr'><strong>modo</strong></span> <span class='ocrx_word' id='word_1_304' title='bbox 1214 4263 1307 4346; x_wconf 91' lang='lat' dir='ltr'><strong>quasi</strong></span> <span class='ocrx_word' id='word_1_305' title='bbox 1333 4263 1559 4330; x_wconf 87' lang='lat' dir='ltr'><strong>insanientium</strong></span> <span class='ocrx_word' id='word_1_306' title='bbox 1582 4263 1713 4348; x_wconf 91' lang='lat' dir='ltr'><strong>uinique</strong></span> <span class='ocrx_word' id='word_1_307' title='bbox 1735 4265 1826 4348; x_wconf 91' lang='lat' dir='ltr'><strong>adeo,</strong></span> 
     </span>
     <span class='ocr_line' id='line_1_31' title="bbox 385 4382 1831 4470; baseline 0.001 -22"><span class='ocrx_word' id='word_1_308' title='bbox 385 4390 420 4449; x_wconf 91' lang='lat' dir='ltr'><strong>ut</strong></span> <span class='ocrx_word' id='word_1_309' title='bbox 442 4383 585 4468; x_wconf 89' lang='lat' dir='ltr'><strong>uidetur,</strong></span> <span class='ocrx_word' id='word_1_310' title='bbox 619 4382 785 4470; x_wconf 90' lang='lat' dir='ltr'><strong>cupiditati</strong></span> <span class='ocrx_word' id='word_1_311' title='bbox 812 4384 1049 4451; x_wconf 87' lang='lat' dir='ltr'><strong>inseruientium</strong></span> <span class='ocrx_word' id='word_1_312' title='bbox 1079 4403 1177 4468; x_wconf 87' lang='lat' dir='ltr'><strong>saepe</strong></span> <span class='ocrx_word' id='word_1_313' title='bbox 1200 4383 1242 4448; x_wconf 91' lang='lat' dir='ltr'><strong>ad</strong></span> <span class='ocrx_word' id='word_1_314' title='bbox 1269 4382 1384 4448; x_wconf 81' lang='lat' dir='ltr'><strong>falsam</strong></span> <span class='ocrx_word' id='word_1_315' title='bbox 1407 4383 1606 4450; x_wconf 89' lang='lat' dir='ltr'><strong>coniectandi</strong></span> <span class='ocrx_word' id='word_1_316' title='bbox 1627 4385 1714 4450; x_wconf 90' lang='lat' dir='ltr'><strong>uiam</strong></span> <span class='ocrx_word' id='word_1_317' title='bbox 1736 4385 1831 4470; x_wconf 87' lang='lat' dir='ltr'><strong>pelli-</strong></span> 
     </span>
     <span class='ocr_line' id='line_1_32' title="bbox 320 4503 1831 4588; baseline -0.003 -13"><span class='ocrx_word' id='word_1_318' title='bbox 320 4564 324 4575; x_wconf 93' lang='lat'><em>.</em></span> <span class='ocrx_word' id='word_1_319' title='bbox 385 4504 482 4586; x_wconf 89' lang='lat' dir='ltr'><strong>ciunt,</strong></span> <span class='ocrx_word' id='word_1_320' title='bbox 508 4511 543 4572; x_wconf 88' lang='lat' dir='ltr'><strong>ut</strong></span> <span class='ocrx_word' id='word_1_321' title='bbox 565 4503 651 4588; x_wconf 92' lang='lat' dir='ltr'><strong>quod</strong></span> <span class='ocrx_word' id='word_1_322' title='bbox 672 4505 771 4571; x_wconf 91' lang='lat' dir='ltr'><strong>oculis</strong></span> <span class='ocrx_word' id='word_1_323' title='bbox 793 4503 918 4583; x_wconf 83' lang='lat' dir='ltr'><strong>uideas,</strong></span> <span class='ocrx_word' id='word_1_324' title='bbox 942 4504 1016 4571; x_wconf 90' lang='lat' dir='ltr'><strong>ideo</strong></span> <span class='ocrx_word' id='word_1_325' title='bbox 1038 4511 1071 4571; x_wconf 89' lang='lat' dir='ltr'><strong>te</strong></span> <span class='ocrx_word' id='word_1_326' title='bbox 1091 4525 1156 4570; x_wconf 91' lang='lat' dir='ltr'><strong>non</strong></span> <span class='ocrx_word' id='word_1_327' title='bbox 1178 4503 1287 4571; x_wconf 89' lang='lat' dir='ltr'><strong>uidere</strong></span> <span class='ocrx_word' id='word_1_328' title='bbox 1310 4503 1367 4568; x_wconf 87' lang='lat' dir='ltr'><strong>tibi</strong></span> <span class='ocrx_word' id='word_1_329' title='bbox 1388 4503 1599 4588; x_wconf 87' lang='lat' dir='ltr'><strong>persuadeas,</strong></span> <span class='ocrx_word' id='word_1_330' title='bbox 1626 4506 1703 4588; x_wconf 90' lang='lat' dir='ltr'><strong>quia</strong></span> <span class='ocrx_word' id='word_1_331' title='bbox 1725 4505 1831 4572; x_wconf 91' lang='lat' dir='ltr'><strong>auimo</strong></span> 
     </span>
     <span class='ocr_line' id='line_1_33' title="bbox 385 4623 1829 4708; baseline 0.001 -19"><span class='ocrx_word' id='word_1_332' title='bbox 385 4625 418 4691; x_wconf 94' lang='lat' dir='ltr'><strong>id</strong></span> <span class='ocrx_word' id='word_1_333' title='bbox 449 4644 577 4691; x_wconf 90' lang='lat' dir='ltr'><strong>cernere</strong></span> <span class='ocrx_word' id='word_1_334' title='bbox 607 4625 706 4708; x_wconf 90' lang='lat' dir='ltr'><strong>nolis,</strong></span> <span class='ocrx_word' id='word_1_335' title='bbox 739 4632 775 4691; x_wconf 90' lang='lat' dir='ltr'><strong>ut</strong></span> <span class='ocrx_word' id='word_1_336' title='bbox 802 4644 880 4692; x_wconf 91' lang='lat' dir='ltr'><strong>sane</strong></span> <span class='ocrx_word' id='word_1_337' title='bbox 908 4624 1040 4691; x_wconf 89' lang='lat' dir='ltr'><strong>difficile</strong></span> <span class='ocrx_word' id='word_1_338' title='bbox 1069 4625 1112 4690; x_wconf 88' lang='lat' dir='ltr'><strong>sit</strong></span> <span class='ocrx_word' id='word_1_339' title='bbox 1139 4625 1173 4690; x_wconf 92' lang='lat' dir='ltr'><strong>in</strong></span> <span class='ocrx_word' id='word_1_340' title='bbox 1207 4624 1287 4691; x_wconf 92' lang='lat' dir='ltr'><strong>locis</strong></span> <span class='ocrx_word' id='word_1_341' title='bbox 1316 4623 1492 4708; x_wconf 89' lang='lat' dir='ltr'><strong>desperatis</strong></span> <span class='ocrx_word' id='word_1_342' title='bbox 1522 4623 1616 4690; x_wconf 89' lang='lat' dir='ltr'><strong>finem</strong></span> <span class='ocrx_word' id='word_1_343' title='bbox 1646 4624 1829 4692; x_wconf 79' lang='lat' dir='ltr'><strong>conferendi</strong></span> 
     </span>
     <span class='ocr_line' id='line_1_34' title="bbox 385 4745 501 4812; baseline -0.009 -1"><span class='ocrx_word' id='word_1_344' title='bbox 385 4745 501 4812; x_wconf 81' lang='lat' dir='ltr'><strong>iacere.</strong></span> 
     </span>
    </p>

    <p class='ocr_par' dir='ltr' id='par_1_5' title="bbox 385 4864 1831 5431">
     <span class='ocr_line' id='line_1_35' title="bbox 470 4864 1829 4952; baseline 0 -22"><span class='ocrx_word' id='word_1_345' title='bbox 470 4866 519 4932; x_wconf 82' lang='lat' dir='ltr'><strong>Ea</strong></span> <span class='ocrx_word' id='word_1_346' title='bbox 541 4886 623 4949; x_wconf 90' lang='lat' dir='ltr'><strong>quae</strong></span> <span class='ocrx_word' id='word_1_347' title='bbox 645 4866 828 4952; x_wconf 82' lang='lat' dir='ltr'><strong>expiscatus</strong></span> <span class='ocrx_word' id='word_1_348' title='bbox 851 4885 921 4932; x_wconf 89' lang='lat' dir='ltr'><strong>sum</strong></span> <span class='ocrx_word' id='word_1_349' title='bbox 944 4865 1176 4931; x_wconf 89' lang='lat' dir='ltr'><strong>iurisconsultis</strong></span> <span class='ocrx_word' id='word_1_350' title='bbox 1205 4864 1336 4931; x_wconf 91' lang='lat' dir='ltr'><strong>minoris</strong></span> <span class='ocrx_word' id='word_1_351' title='bbox 1366 4864 1657 4950; x_wconf 89' lang='lat' dir='ltr'><strong>quamphilologis</strong></span> <span class='ocrx_word' id='word_1_352' title='bbox 1676 4867 1829 4932; x_wconf 89' lang='lat' dir='ltr'><strong>momenti</strong></span> 
     </span>
     <span class='ocr_line' id='line_1_36' title="bbox 385 4983 1830 5072; baseline 0 -21"><span class='ocrx_word' id='word_1_353' title='bbox 385 5005 457 5052; x_wconf 90' lang='lat' dir='ltr'><strong>esse</strong></span> <span class='ocrx_word' id='word_1_354' title='bbox 478 4985 684 5066; x_wconf 91' lang='lat' dir='ltr'><strong>uidebuntur;</strong></span> <span class='ocrx_word' id='word_1_355' title='bbox 717 5006 792 5052; x_wconf 91' lang='lat' dir='ltr'><strong>nam</strong></span> <span class='ocrx_word' id='word_1_356' title='bbox 820 5005 891 5052; x_wconf 90' lang='lat' dir='ltr'><strong>oum</strong></span> <span class='ocrx_word' id='word_1_357' title='bbox 919 4985 953 5050; x_wconf 93' lang='lat' dir='ltr'><strong>irr</strong></span> <span class='ocrx_word' id='word_1_358' title='bbox 980 4985 1061 5051; x_wconf 92' lang='lat' dir='ltr'><strong>libro</strong></span> <span class='ocrx_word' id='word_1_359' title='bbox 1089 4991 1202 5069; x_wconf 88' lang='lat' dir='ltr'><strong>quarto</strong></span> <span class='ocrx_word' id='word_1_360' title='bbox 1230 4983 1462 5051; x_wconf 89' lang='lat' dir='ltr'><strong>institutionum</strong></span> <span class='ocrx_word' id='word_1_361' title='bbox 1484 4984 1679 5052; x_wconf 78' lang='lat' dir='ltr'><strong>Gaianarum</strong></span> <span class='ocrx_word' id='word_1_362' title='bbox 1700 4994 1830 5072; x_wconf 90' lang='lat' dir='ltr'><strong>propter</strong></span> 
     </span>
     <span class='ocr_line' id='line_1_37' title="bbox 386 5105 1826 5191; baseline 0.001 -21"><span class='ocrx_word' id='word_1_363' title='bbox 386 5107 640 5173; x_wconf 88' lang='lat' dir='ltr'><strong>membranarum</strong></span> <span class='ocrx_word' id='word_1_364' title='bbox 669 5107 775 5172; x_wconf 91' lang='lat' dir='ltr'><strong>tabem</strong></span> <span class='ocrx_word' id='word_1_365' title='bbox 797 5127 861 5172; x_wconf 89' lang='lat' dir='ltr'><strong>uon</strong></span> <span class='ocrx_word' id='word_1_366' title='bbox 882 5107 984 5171; x_wconf 90' lang='lat' dir='ltr'><strong>multa</strong></span> <span class='ocrx_word' id='word_1_367' title='bbox 1011 5105 1059 5171; x_wconf 89' lang='lat' dir='ltr'><strong>eis</strong></span> <span class='ocrx_word' id='word_1_368' title='bbox 1081 5125 1163 5189; x_wconf 90' lang='lat' dir='ltr'><strong>quae</strong></span> <span class='ocrx_word' id='word_1_369' title='bbox 1186 5105 1306 5171; x_wconf 90' lang='lat' dir='ltr'><strong>dudum</strong></span> <span class='ocrx_word' id='word_1_370' title='bbox 1328 5105 1532 5172; x_wconf 87' lang='lat' dir='ltr'><strong>innotuerunt</strong></span> <span class='ocrx_word' id='word_1_371' title='bbox 1558 5105 1634 5173; x_wconf 91' lang='lat' dir='ltr'><strong>addi</strong></span> <span class='ocrx_word' id='word_1_372' title='bbox 1656 5106 1826 5191; x_wconf 86' lang='lat' dir='ltr'><strong>potuerint,</strong></span> 
     </span>
     <span class='ocr_line' id='line_1_38' title="bbox 386 5223 1825 5311; baseline 0 -19"><span class='ocrx_word' id='word_1_373' title='bbox 386 5227 519 5292; x_wconf 87' lang='lat' dir='ltr'><strong>oratio</strong></span> <span class='ocrx_word' id='word_1_374' title='bbox 548 5225 673 5292; x_wconf 80' lang='lat' dir='ltr'><strong>Gaiana</strong></span> <span class='ocrx_word' id='word_1_375' title='bbox 701 5227 765 5292; x_wconf 89' lang='lat' dir='ltr'><strong>iam</strong></span> <span class='ocrx_word' id='word_1_376' title='bbox 793 5234 870 5311; x_wconf 85' lang='lat' dir='ltr'><strong>apta</strong></span> <span class='ocrx_word' id='word_1_377' title='bbox 898 5233 931 5292; x_wconf 90' lang='lat' dir='ltr'><strong>ct</strong></span> <span class='ocrx_word' id='word_1_378' title='bbox 958 5226 1111 5292; x_wconf 89' lang='lat' dir='ltr'><strong>concinna</strong></span> <span class='ocrx_word' id='word_1_379' title='bbox 1139 5223 1264 5293; x_wconf 88' lang='lat' dir='ltr'><strong>reddita</strong></span> <span class='ocrx_word' id='word_1_380' title='bbox 1290 5234 1350 5291; x_wconf 88' lang='lat' dir='ltr'><strong>cst.</strong></span> <span class='ocrx_word' id='word_1_381' title='bbox 1397 5224 1487 5303; x_wconf 83' lang='lat' dir='ltr'><strong>Quae</strong></span> <span class='ocrx_word' id='word_1_382' title='bbox 1510 5247 1581 5292; x_wconf 92' lang='lat' dir='ltr'><strong>oum</strong></span> <span class='ocrx_word' id='word_1_383' title='bbox 1603 5227 1637 5292; x_wconf 90' lang='lat' dir='ltr'><strong>in</strong></span> <span class='ocrx_word' id='word_1_384' title='bbox 1659 5227 1706 5293; x_wconf 91' lang='lat' dir='ltr'><strong>cis</strong></span> <span class='ocrx_word' id='word_1_385' title='bbox 1735 5225 1825 5311; x_wconf 91' lang='lat' dir='ltr'><strong>locis,</strong></span> 
     </span>
     <span class='ocr_line' id='line_1_39' title="bbox 386 5346 1831 5431; baseline 0.001 -20"><span class='ocrx_word' id='word_1_386' title='bbox 386 5347 441 5430; x_wconf 91' lang='lat' dir='ltr'><strong>qui</strong></span> <span class='ocrx_word' id='word_1_387' title='bbox 463 5347 539 5412; x_wconf 91' lang='lat' dir='ltr'><strong>olim</strong></span> <span class='ocrx_word' id='word_1_388' title='bbox 562 5355 646 5413; x_wconf 88' lang='lat' dir='ltr'><strong>recte</strong></span> <span class='ocrx_word' id='word_1_389' title='bbox 668 5347 743 5412; x_wconf 90' lang='lat' dir='ltr'><strong>lecti</strong></span> <span class='ocrx_word' id='word_1_390' title='bbox 766 5354 866 5428; x_wconf 89' lang='lat' dir='ltr'><strong>crant,</strong></span> <span class='ocrx_word' id='word_1_391' title='bbox 893 5367 1083 5431; x_wconf 90' lang='lat' dir='ltr'><strong>quamquam</strong></span> <span class='ocrx_word' id='word_1_392' title='bbox 1105 5347 1234 5431; x_wconf 90' lang='lat' dir='ltr'><strong>plenam</strong></span> <span class='ocrx_word' id='word_1_393' title='bbox 1256 5346 1445 5414; x_wconf 87' lang='lat' dir='ltr'><strong>urbanitatis</strong></span> <span class='ocrx_word' id='word_1_394' title='bbox 1460 5354 1661 5414; x_wconf 89' lang='lat' dir='ltr'><strong>uenustatem</strong></span> <span class='ocrx_word' id='word_1_395' title='bbox 1677 5348 1831 5414; x_wconf 86' lang='lat' dir='ltr'><strong>adsecuta</strong></span> 
     </span>
    </p>
   </div>
   <div class='ocr_carea' id='block_1_5' title="bbox 0 0 2658 6677">
    <p class='ocr_par' dir='ltr' id='par_1_6' title="bbox 0 0 2658 6677">
     <span class='ocr_line' id='line_1_40' title="bbox 0 0 2658 6677; baseline 0 0"><span class='ocrx_word' id='word_1_396' title='bbox 0 0 2658 6677; x_wconf 95' lang='lat' dir='ltr'><strong> </strong></span> 
     </span>
    </p>
   </div>
  </div>
 </body>
</html>
